2730 4926
669 419 844 483 ..38-

222 585 338 654 caciori
352 584 484 653 licentia
503 583 672 653 imbutum
688 583 760 652 aliis
781 584 972 666 exhibeant;
995 605 1085 666 nam,
1102 584 1137 653 in
1154 586 1301 678 Gryphi

220 695 1299 788 praefatione‚(hocveropoemanullaquidemspurcitiadehones·

220 820 332 901 tatur),
350 815 585 903 Symmachum
601 815 766 883 similibus
786 813 894 882 verbis
910 823 1024 883 monet
1045 816 1066 880 ¹.

266 930 421 999 Octavum
444 938 476 999 et
497 951 624 998 nonum
646 930 794 1011 Ausonii,
821 930 966 998 consulis
986 929 1162 1018 designati,
1185 932 1297 1020 pridie

220 1045 377 1114 kalendas
392 1045 536 1133 januarii
560 1045 702 1113 fascibus
727 1046 881 1134 sumptis,
908 1053 943 1113 et
958 1044 1122 1134 ejusdem,
1143 1048 1297 1116 consulis

220 1162 331 1243 creati,
352 1160 502 1229 kalendis
519 1160 649 1244 iisdem,
671 1162 875 1252 precationes
894 1161 1056 1231 continet.
1075 1163 1206 1246 Noster,
1224 1185 1298 1232 ma·

220 1278 393 1365 gistratum
409 1278 536 1361 obiens,
550 1299 622 1366 qua
638 1278 749 1346 omnia
765 1278 870 1345 fauste
887 1285 1043 1347 eventura
1054 1286 1155 1367 optat,
1168 1299 1295 1369 nempe

219 1393 296 1460 anni
314 1393 511 1476 ubertatem,
541 1415 653 1464 verem
697 1393 858 1483 tepidum,
881 1393 1102 1482 frigidamque
1126 1402 1293 1480 estatem,

218 1509 373 1598 pacisque
393 1509 468 1592 otia,
492 1508 664 1591 describit;
683 1519 768 1592 tum,
791 1509 938 1591 Gasaris,
972 1509 1029 1598 qui
1046 1510 1161 1593 fasceS,
1179 1520 1295 1602 poste·

219 1626 295 1693 riori
311 1647 409 1708 anno,
432 1635 465 1694 et
489 1626 637 1716 accipiet,
652 1626 686 1693 in
706 1626 868 1715 preconio
892 1627 1032 1709 multus,
1054 1626 1137 1696 votis
1159 1649 1293 1697 annum
1317 1628 1325 1641 '

217 1742 317 1830 hujus
336 1743 524 1810 consulatus
538 1750 646 1831 urget.
664 1744 824 1811 Neutrum
839 1745 1048 1832 opusculum,
1063 1747 1192 1833 poetico
1213 1748 1293 1816 licet

219 1858 363 1946 quodam
388 1858 522 1926 artificio
548 1860 701 1947 variaque
716 1861 936 1949 compositum
957 1859 1154 1942 eruditione,
1175 1863 1294 1952 legen-

217 1974 306 2043 tibus
349 1974 588 2043 oblectamenta
616 1977 682 2044 ulla
711 1977 816 2044 affert.
841 1977 997 2045 lnssatum
1027 1985 1157 2067 poetam
1185 1981 1292 2050 allec

218 2091 498 2174 Christianorum,
524 2111 625 2179 quem
653 2099 777 2174 tamen,
802 2092 850 2160 uti
875 2112 973 2181 supra
1006 2091 1290 2179 confirmavimus,

217 2207 357 2290 colebat,
375 2229 474 2297 quam
491 2209 531 2277 ab
550 2208 705 2276 omnibus
727 2209 881 2297 mythicis
900 2208 1107 2292 numinibus,
1122 2218 1226 2298 atque
1241 2233 1293 2281 ca-

215 2324 417 2393 lamitatibus
432 2325 570 2414 imperio
586 2346 721 2394 romano
742 2324 890 2414 undique
906 2325 1159 2395 imminentibus
1182 2348 1289 2417 quam

217 2442 342 2509 canoris
358 2442 494 2530 argutiis
509 2442 648 2530 nugisve
667 2449 867 2530 permotum,
884 2441 1042 2510 libentius
1056 2441 1179 2511 videas.

260 2557 352 2623 Nunc
378 2555 419 2623 de
453 2555 602 2637 decimo,
635 2558 785 2625 omnium
817 2557 1061 2640 celeberrimo,
1093 2557 1291 2646 diligentius

216 2669 394 2757 agendum.
421 2671 488 2738 lloc
507 2679 556 2740 est
571 2672 697 2740 illustre
717 2672 757 2740 de
771 2672 912 2740 Mosella
926 2693 1054 2763 poema,
1073 2673 1163 2762 quod
1182 2676 1289 2746 buso-

215 2785 260 2854 nii
281 2807 404 2855 nomen
434 2788 609 2876 nepotibus
632 2788 707 2876 jure
735 2788 989 2859 commendavit.
1015 2790 1120 2859 Fluvii
1152 2793 1286 2882 hujus,

128 2922 130 2927 ¹
220 2931 231 2964 r
254 2904 418 2972 Ausonius
435 2904 547 2972 laudes
560 2907 622 2972 hoc
639 2905 756 2993 ldyllio
780 2905 990 2974 celebrandas
1009 2905 1165 2996 suscepit,
1189 2909 1283 2978 haud

214 3018 313 3088 dubie
332 3042 369 3088 ea
391 3041 487 3089 causa
506 3029 686 3111 permotus,
708 3022 797 3111 quod
818 3023 950 3090 Mosella
962 3023 1146 3111 Augustam
1161 3026 1283 3097 Treve-

213 3157 324 3204 rorum
340 3137 431 3220 aluit‚
462 3160 534 3226 quae
559 3147 631 3206 tum
658 3138 752 3207 sedes
783 3139 1031 3228 imperatorum,
1049 3139 1285 3212 Valentiniano

214 3259 246 3321 et
268 3251 417 3321 Gratiano
437 3254 586 3342 inprimis
614 3254 743 3337 dilecta,
773 3263 853 3337 erat,
879 3264 913 3322 et
926 3255 1095 3334 Ausonius
1117 3277 1159 3324 eo
1182 3278 1286 3343 anno,

212 3390 277 3458 quo
297 3370 359 3436 hoc
374 3391 490 3458 poema
510 3371 649 3461 scripsit,
673 3371 713 3440 ab
733 3371 939 3461 expeditione
964 3371 1105 3439 Gratiani
1121 3371 1285 3446 adversus

213 3486 395 3553 Germanos
416 3494 449 3554 et
473 3487 595 3557 Suevos
616 3509 779 3570 reversus,
807 3487 848 3554 ad
882 3489 1036 3556 Treveros
1067 3495 1099 3555 et
1122 3489 1286 3577 palatium

212 3586 390 3685 Caesarum,
420 3623 485 3692 quo
510 3604 557 3671 illi
583 3603 669 3692 jam,
702 3604 839 3673 dimisso
869 3606 903 3674 in
938 3605 1075 3673 triberna
1108 3607 1283 3692 exercitu,

211 3718 487 3809 triumphantium
509 3742 600 3790 more
620 3720 742 3811 recepti
759 3721 971 3804 advenerant,
988 3720 1212 3791 contendebat
1226 3747 1287 3817 per

210 3837 331 3904 Natam
351 3845 382 3905 et
398 3839 565 3906 Mosellam
585 3860 710 3908 amnes.
731 3866 746 3900 o

255 3952 348 4031 Quod
372 3953 435 4022 iter
452 3955 528 4023 iacit
548 3976 606 4045 per
626 3957 853 4040 Dumnissum,
878 3957 1109 4046 Tabernasque
1130 3965 1165 4026 et
1183 3959 1283 4030 Nico-

240 4108 263 4155 t.
282 4105 321 4157 cf.
337 4106 370 4156 R.
386 4106 560 4171 Dezeimerie‚
573 4110 667 4176 Leporis
681 4109 810 4162 nouvelles
824 4113 849 4161 et
864 4125 1024 4177 remarcues,
1038 4114 1109 4175 ibib,
1124 4126 1166 4178 op.
1182 4113 1228 4164 cit.
