2730 4926
500 362 676 428 ..ῃ-

55 533 164 603 idest
186 521 313 614 'Roma
335 530 626 619 constantinopoli,
655 529 856 618 Carthagini,
884 531 1061 623 Antioohiae
1083 541 1119 602 at

55 649 270 731 Alexandria,
294 647 392 715 modo
414 647 512 715 cedit.
530 647 578 714 Ab
602 646 853 735 imperatoribus
869 645 938 734 jam
954 649 1048 718 sedes
1069 672 1120 718 ao-

56 773 161 856 cepta,
187 787 224 834 eo
243 773 390 853 ternpore
410 763 539 851 imperii
558 763 638 829 vires
657 790 672 824 n
691 762 802 828 olebat
817 789 833 823 »
852 784 989 831 annonae
1005 775 1038 833 et
1053 767 1120 834 vini

56 882 149 971 copia
172 881 207 948 iu
225 882 350 948 horreis
375 878 505 947 condita
530 886 562 945 et
584 899 643 966 per
663 879 844 966 longinqua
872 880 1011 948 llosellae
1032 903 1119 949 oom-

56 997 179 1066 mercia
202 996 361 1075 adducta,
410 995 602 1061 «vestiebat
639 1020 654 1054 n
690 993 832 1060 lanificio
873 1002 905 1062 et
929 998 1117 1084 pannifioio,

57 1114 152 1201 cujus
168 1113 274 1180 adhuc
289 1113 374 1179 inea
389 1111 470 1179 urbe
487 1131 616 1178 summa
636 1111 872 1199 opportunitas,
898 1139 913 1173 n
931 1114 1088 1181 armabat
1100 1142 1116 1176 n

56 1230 203 1312 tandem,
226 1228 314 1318 quod
333 1228 379 1295 ibi
399 1228 518 1295 fabrica
535 1226 674 1294 scutaria
690 1235 722 1292 et
736 1226 912 1293 ballistaria
932 1238 1029 1295 esset.

101 1346 211 1414 Arelas
239 1345 349 1435 (vul),
371 1365 442 1432 quae
462 1344 496 1410 iu
515 1342 722 1411 looodooimo
739 1342 882 1431 ponitur,
903 1343 983 1410 adeo
1000 1347 1118 1435 ampla,

54 1462 191 1530 Ausonii
206 1469 312 1542 aetate,
330 1459 575 1542 extendebatur,
592 1468 629 1527 ut
639 1468 733 1548 poeta
749 1459 832 1525 hano
851 1487 866 1520 n
880 1460 1039 1526 Gallulam
1059 1463 1120 1529 Ro-

56 1599 147 1645 mam
168 1604 184 1639 »
213 1598 324 1645 vocare
344 1575 432 1644 haud
454 1576 629 1644 dubitaret.
652 1577 715 1642 Neo
739 1574 929 1642 immerito:
955 1578 1006 1643 oui
1029 1579 1118 1645 enim

57 1695 211 1783 ignotum
233 1703 283 1762 est
292 1694 362 1781 jam
377 1700 456 1760 tuno
468 1692 630 1759 Arelatem
646 1691 897 1759 celeberrimum
913 1695 1116 1780 opportunis-

57 1811 246 1899 simumque
261 1810 363 1877 fuisse
383 1809 588 1898 emporium?
612 1808 726 1874 Nonne
741 1807 775 1873 in
792 1828 829 1874 ea
845 1816 971 1895 septem
991 1811 1120 1898 provin-

57 1927 195 2008 ciarum,
216 1925 304 1993 uude
322 1922 535 2010 Septimania
547 1945 669 1990 nomen
681 1923 729 1990 illi
744 1923 807 1990 fuit
821 1923 1026 2010 impositum,
1042 1946 1118 1993 oon-

56 2054 174 2112 rentus
195 2041 396 2130 agebantur?
409 2041 527 2106 Annon
549 2039 710 2128 posterius
736 2038 968 2107 commoditate
984 2043 1054 2130 ejus
1070 2044 1118 2110 in·

56 2160 188 2240 vitatus,
206 2177 279 2226 eam
301 2156 415 2224 sedem
429 2155 559 2245 imperii
574 2163 732 2243 tyrannus
752 2156 985 2224 Constantinus
1001 2159 1117 2228 tertius

58 2274 182 2362 elegit?

103 2391 164 2457 Pro
189 2388 349 2475 dignitate
374 2387 415 2455 ad
439 2387 605 2455 decimum
633 2386 799 2473 quintum,
821 2396 949 2455 sentum
969 2399 1003 2457 et
1021 2394 1119 2480 septi-

58 2526 153 2574 mum
170 2504 308 2594 gradum
324 2504 448 2586 Tolosa,
467 2502 571 2571 Narbo
588 2523 623 2570 ao
642 2502 814 2591 Burdigala
827 2504 1018 2574 succedunt.
1036 2509 1120 2577 lllud

58 2621 146 2712 apud
168 2621 350 2689 Ausonium
370 2619 410 2688 de
429 2621 542 2687 Tolosa
567 2621 720 2687 attentior
734 2620 813 2707 legi,
836 2622 952 2689 urbem
978 2644 1050 2690 eam
1073 2633 1122 2693 tot

61 2767 78 2803 a
99 2739 221 2807 cultam
234 2737 363 2828 populis
380 2763 411 2819 »,
430 2745 467 2804 ut
485 2756 556 2805 sese
567 2737 601 2804 in
617 2744 757 2824 quatuor
771 2737 869 2806 urbes
881 2739 1049 2810 effundere
1063 2763 1121 2832 po-

57 2855 158 2925 tuerit
178 2854 257 2943 quin
277 2854 504 2921 exhauriretur
523 2854 631 2941 (Xll).

102 2970 220 3053 Narbo,
236 2970 329 3058 cujus
345 2990 467 3038 nomen
482 2969 692 3038 notissimum
713 2977 792 3052 erat,
814 2977 910 3058 portu
926 2978 959 3038 et
973 2979 1120 3042 mercatu

55 3086 340 3157 commendabilis.
362 3087 387 3152 Ε
406 3085 554 3154 versibus
580 3085 715 3153 Ausonii
734 3086 956 3154 onerariarum
986 3088 1126 3157 navium

56 3203 178 3271 classes
209 3222 248 3270 ea
276 3201 346 3271 aliis
371 3201 545 3291 provinciis
565 3200 605 3267 ad
631 3201 876 3268 Narbonensem
890 3201 1115 3291 trumentum,

56 3324 184 3387 merces
204 3327 238 3386 et
247 3318 401 3386 utensilia
416 3317 585 3408 adportare
597 3327 730 3407 apparet
746 3319 861 3405 (Xlll).

102 3434 310 3522 Burdigalam
325 3455 401 3504 vero
415 3433 640 3527 dulcissimam
664 3433 705 3501 ad
718 3435 836 3501 coslum
849 3437 964 3504 Noster
976 3438 1119 3508 maximo

57 3551 163 3620 effert.
180 3551 373 3639 Indignatur
388 3550 488 3640 quod,
501 3551 629 3641 pietatis
645 3551 679 3617 in
694 3552 833 3640 patriam
848 3573 964 3641 parum
978 3574 1117 3636 memor,

56 3667 259 3758 preconium
275 3667 345 3755 ejus
358 3669 516 3736 hactenus
529 3667 676 3750 retinuit,
690 3689 797 3756 neque
814 3689 885 3736 earn
898 3671 985 3738 inter
998 3671 1119 3759 primas

56 3782 157 3852 urbes
177 3784 380 3852 memoravit.
403 3783 537 3850 Silentia
556 3784 657 3871 igitur
675 3783 777 3875 impia
790 3783 943 3853 laudibus
959 3786 1120 3875 amplissi-

56 3882 280 3968 nnrsna'onnn.
295 3899 1115 3989 cuisiouonnaunioaas,onnuigatajannuaoonot

90 4090 113 4137 l.
130 4087 170 4138 Do
183 4084 390 4151 Burdigalensis
403 4085 470 4144 vini,
486 4097 518 4136 ea
531 4087 617 4146 aetate,
632 4085 727 4148 gloria,
744 4086 835 4136 confer
848 4099 890 4148 ep.
907 4101 941 4145 rx,
956 4089 995 4145 2⁰,
1008 4089 1046 4136 at.
