2730 4926
591 404 770 474 ..86-

146 575 442 644 Phenomenorum
467 573 571 645 instar
594 575 693 660 Arati,
721 574 876 667 elingua
889 577 999 649 nativa
1020 579 1056 648 in
1074 578 1215 651 latinam

147 691 303 762 duntaxat
325 691 545 775 transtulerit;
574 692 793 783 descriptione
811 702 969 786 praterea
995 696 1084 772 orbis
1111 704 1215 768 terra-

146 830 234 892 rum,
256 807 364 878 simile
380 808 526 898 Dionysii
542 829 624 899 opus
637 810 738 878 latino
754 811 898 880 carmine
914 818 947 881 et
960 811 1123 897 reddidit;
1144 822 1215 883 tan-

147 926 236 1009 dem,
265 925 336 1015 ejus
365 927 434 994 Ora
465 923 641 994 maritima
673 928 989 1016 carthaginiensium
1015 929 1216 1020 scriptorum

145 1042 314 1112 translatio
332 1041 373 1111 ad
391 1041 530 1110 verbum
545 1062 696 1134 expressa
711 1042 851 1113 videtur.
869 1045 964 1128 item,
980 1045 1161 1131 Palladius,
1175 1048 1215 1118 de

145 1180 182 1230 re
205 1159 339 1242 rustica,
360 1158 577 1249 inprimisque
608 1158 648 1227 de
672 1159 883 1230 insitionibus
908 1161 1088 1247 disserena,
1116 1164 1216 1234 Colu-

147 1275 265 1357 mella,
286 1274 344 1363 qui
359 1272 400 1343 de
418 1274 509 1343 cuitu
528 1276 701 1343 hortorum
717 1283 840 1364 egerat,
858 1277 1006 1367 vestigiis
1027 1278 1127 1348 modo
1148 1279 1217 1349 ins-

146 1391 227 1475 titit3
243 1389 406 1460 iuvencus
421 1411 497 1461 uero
512 1390 647 1460 metrico
663 1411 815 1462 sermone
835 1393 1039 1482 evangelicas
1054 1395 1216 1465 historias

146 1514 275 1578 tantum
300 1507 457 1577 condidit.
500 1506 579 1577 Inde
601 1509 779 1592 Ausonius,
803 1529 879 1578 cum
908 1530 1021 1581 uersus
1045 1510 1217 1582 fuderite

145 1623 275 1716 proprio
301 1623 404 1707 fonto,
434 1624 465 1693 ri
491 1622 698 1713 excogitandi
724 1645 760 1693 ac
788 1625 895 1695 latiori
916 1626 1031 1716 spiritu
1057 1627 1218 1698 omnibus

146 1746 288 1832 prestat.

191 1856 286 1938 Tum,
301 1875 467 1924 summam
477 1853 566 1924 illius
583 1853 803 1924 eruditionem
814 1853 885 1944 jam
899 1853 1130 1939 indicarimus,
1149 1878 1219 1946 qua

146 1972 181 2041 in
208 1971 299 2040 omni
326 1971 510 2040 carminum
530 1979 563 2040 ot
590 1970 838 2061 disciplinamm
866 1992 987 2061 genere
1008 1972 1218 2060 versabatur,

147 2108 310 2180 operaque
329 2087 477 2178 jucunda
501 2086 720 2178 adspergebat
737 2089 904 2157 varietate.
927 2089 1080 2177 AEquales
1100 2097 1220 2160 autem

146 2205 182 2274 in
194 2225 260 2275 una
279 2205 427 2289 materia,
444 2204 587 2274 Avienus
606 2203 730 2274 scilicet
750 2204 785 2272 in
805 2205 1034 2295 geographica,
1048 2206 1221 2278 iuvencus

145 2322 181 2391 in
205 2341 307 2405 sacra,
330 2319 492 2390 Palladius
510 2321 544 2389 in
564 2319 700 2405 rustica,
724 2321 822 2390 multi
840 2328 931 2404 sunt,
948 2342 1010 2390 nec
1032 2324 1221 2393 sententia-

146 2459 220 2507 rum
236 2437 422 2507 diversitate
434 2437 722 2506 commendantur.

190 2554 351 2644 Denique,
368 2553 523 2637 brienus,
550 2553 700 2642 quamvis
716 2554 751 2622 in
773 2553 919 2642 Dionysii
935 2552 1102 2643 Periegasi
1126 2555 1221 2627 aliis·

146 2689 211 2759 que
237 2668 436 2739 carminibus
457 2689 569 2738 versus
590 2690 767 2740 numerose
785 2676 819 2740 et
840 2669 1027 2740 volubiliter
1039 2671 1138 2755 fudit,
1169 2681 1219 2742 ta-

145 2806 236 2869 men,
264 2794 302 2854 ut
322 2785 448 2856 notavit
466 2784 630 2868 Barthius,
655 2813 672 2850 a
697 2786 748 2856 uel
772 2808 791 2855 a
816 2785 920 2855 doctis
943 2786 1022 2875 ipsis
1042 2786 1218 2859 rarissime

144 2901 347 2994 nominatus,
375 2900 417 2970 ob
436 2900 647 2984 mendorum,
684 2901 793 2984 credo,
820 2900 959 2991 copiam.
991 2927 1007 2962 »
1044 2901 1217 2974 iuvencus

146 3017 235 3088 haud
249 3004 404 3108 magnain
423 3016 554 3087 dicendi
570 3018 733 3106 elegantia
743 3024 777 3086 et
791 3017 909 3107 poetici
924 3017 1083 3086 sermonis
1099 3016 1218 3090 dulce-

145 3137 222 3207 dine
235 3137 357 3204 famam
367 3141 563 3204 consecutus
580 3141 641 3204 est.
660 3135 755 3218 Tum,
767 3132 941 3217 Palladius,
956 3134 1049 3223 juxta
1060 3136 1217 3206 Lemaire

144 3251 383 3335 adnotationes,
409 3252 576 3320 affectasse
603 3258 637 3319 ct
660 3251 861 3340 constipasse
889 3251 1095 3340 metaphoras
1121 3251 1217 3321 vide-

144 3377 209 3453 tur,
227 3387 332 3458 eoque
347 3368 528 3436 orationem
541 3364 683 3434 reddidit
699 3366 885 3448 obscuram,
901 3387 973 3455 quae
993 3373 1026 3433 et
1043 3365 1124 3434 alias
1141 3386 1218 3437 ver-

144 3487 194 3554 bis
208 3483 379 3576 impedita,
401 3490 435 3552 et
452 3483 623 3552 nonnullis
639 3483 750 3552 seculi
765 3482 851 3552 vitiis
866 3481 1037 3570 inquinata
1054 3488 1116 3550 est.
1133 3485 1217 3552 Tan·

145 3601 235 3684 dem,
246 3601 358 3669 nullus
373 3603 493 3669 horum
508 3604 576 3666 tam
591 3600 741 3667 animum
761 3606 794 3668 et
813 3605 959 3667 mentem
976 3617 1071 3666 suam
1086 3599 1217 3687 cogita-

144 3718 234 3788 tione
259 3716 433 3787 hominum
463 3715 581 3785 litteris
606 3715 850 3797 excellentium,
882 3735 982 3802 quarn
1010 3714 1081 3803 ipse
1104 3714 1216 3786 huso-

144 3834 220 3905 nius
236 3833 459 3903 conformavit.

190 3950 243 4022 Ilii
257 3949 359 4040 igitur
369 3951 549 4040 aequalibus
574 3949 728 4020 omnibus
746 3949 873 4039 ingenii
896 3949 1084 4041 prestantia
1108 3958 1214 4041 atque

146 4067 352 4161 artepoetica
378 4068 573 4140 antecellere
592 4066 740 4158 contigit.
758 4066 925 4137 hduobus
945 4073 1039 4138 etate
1064 4086 1124 4137 sua
1139 4068 1214 4141 fere
