2730 4926
600 433 776 499 ..68-

156 621 195 670 ea
208 600 372 670 Ausonius
392 620 429 668 er
442 598 573 667 Horatio
589 619 688 667 serm.
706 598 733 680 1,
753 606 814 668 sat.
836 598 869 681 7,
888 598 932 668 29
947 596 1055 677 duxit.

45 729 51 742 ·
157 716 198 785 ut
212 717 249 797 Q.
267 718 412 799 Flaccus,
434 716 469 784 in
485 736 516 786 v.
534 716 576 784 65
593 723 652 784 art.
665 721 753 805 poet.
768 713 919 784 dixerat«
938 715 1030 804 regis
1047 736 1135 806 opus
1152 743 1184 801 o,

156 834 203 902 sio
221 832 396 914 Ausonius,
418 832 453 899 in
469 852 499 899 v.
512 833 577 900 290
595 859 611 894 «
632 830 720 919 regis
737 850 818 920 opus
833 830 959 920 magui.
979 855 997 892 »

200 953 235 1018 2⁰
250 951 290 1016 In
308 946 473 1040 Cupidine
494 947 587 1014 crocci
599 945 724 1038 adfixo.

200 1086 231 1135 v.
254 1068 309 1148 45,
326 1065 506 1133 Ausonius:

343 1234 435 1289 furvae
452 1230 585 1304 cariginis
600 1231 751 1299 umbram3

158 1385 311 1456 Horatius
327 1385 361 1454 iu
388 1387 496 1454 Carm.
518 1385 622 1467 lura,
639 1387 701 1451 21:
788 1464 792 1471 ,

346 1555 434 1611 furcae
449 1569 543 1625 regna
559 1552 750 1624 Proserpinae.

190 1680 233 1773 t3⁰
247 1707 287 1772 In
302 1704 449 1772 carmine
458 1704 573 1794 primo
587 1701 835 1795 Epdcmcro'do'o.

199 1819 250 1887 Sic
268 1819 445 1902 Ausonius,
463 1840 493 1888 v.
513 1823 552 1886 18
572 1840 579 1886 :

299 2005 409 2079 Surget
427 2022 464 2061 ne
478 2006 582 2078 longus
595 2005 647 2060 tibi
663 2008 791 2070 somnus,
804 2004 882 2061 unde

295 2107 358 2162 Non
373 2106 469 2174 times,
485 2104 588 2160 detur:
604 2120 673 2175 rape
689 2105 822 2161 membra
835 2103 926 2174 molli,

296 2207 449 2274 Parmeno,
466 2204 551 2259 lectu.

152 2385 193 2451 At
211 2382 375 2464 Horatius
395 2382 430 2449 in
450 2383 559 2450 Germ.
584 2380 691 2463 111,8‚
708 2381 750 2448 33
766 2401 774 2447 :

295 2576 398 2646 Surge,
414 2591 478 2646 quae
493 2573 565 2628 dixit
576 2572 675 2645 juveni
690 2571 818 2642 marito,-

293 2673 395 2744 Surge,
412 2688 448 2728 ne
463 2673 568 2744 longus
582 2671 635 2727 tibi
650 2687 780 2741 somnus,
798 2671 877 2728 undo

292 2772 355 2827 Non
371 2769 463 2836 times,
482 2770 587 2827 detur:
605 2786 739 2827 socerum
755 2773 785 2827 et
797 2772 931 2827 scelestas

293 2869 370 2925 Folle
383 2885 506 2924 sorores.

195 3043 234 3108 In
249 3060 280 3109 v.
302 3042 357 3126 24,
380 3039 544 3108 Ausonius
564 3037 721 3122 scribens
736 3065 752 3101 «
778 3056 851 3106 acer
879 3037 988 3108 iambe
1004 3064 1035 3122 »‚
1052 3052 1220 3112 memorat

151 3176 224 3245 quae
244 3156 389 3238 Flaccus,
408 3163 468 3225 art.
485 3163 573 3246 poet.
593 3157 648 3237 79,
667 3161 700 3222 et
727 3155 834 3222 darm.
856 3154 881 3237 Ι,
902 3156 954 3238 16,
976 3158 1032 3239 24,
1049 3155 1093 3226 de
1108 3158 1219 3229 iambo

148 3272 271 3341 retulit.

193 3390 250 3458 His
266 3388 384 3458 addere
418 3391 596 3457 Centonem
616 3387 805 3478 nuptialem
829 3408 973 3478 possem,
994 3408 1072 3477 quo,
1104 3398 1143 3459 ut
1157 3414 1218 3460 no·

148 3512 220 3573 tum
236 3512 297 3588 est,
322 3533 338 3568 «
354 3505 450 3575 variis
470 3504 510 3573 de
528 3504 620 3586 locis,
642 3503 860 3591 sensibusque
882 3503 1030 3587 diversis,
1060 3506 1215 3595 quadam

147 3620 301 3690 carminis
317 3628 481 3689 structura
496 3619 677 3689 solidatur:
699 3620 854 3687 inunum
888 3639 1018 3689 versum
1040 3629 1078 3688 ut
1098 3629 1217 3691 coeant

146 3744 202 3805 aut
221 3737 297 3805 caesi
314 3735 393 3818 duo,
410 3746 468 3805 aut
490 3757 577 3805 unus
597 3745 630 3805 et
649 3754 791 3824 sequens
816 3755 893 3803 cum
914 3735 1023 3805 medio
1043 3761 1075 3804 ».
1104 3738 1146 3806 ut
1167 3746 1215 3808 to·

146 3861 216 3920 tum
230 3873 362 3921 carmen
383 3852 466 3921 illud
481 3853 697 3941 eVirgiliauis
715 3851 863 3921 versibus
887 3860 1113 3922 constructum
1131 3860 1183 3923 est
1204 3877 1211 3922 :

144 3988 245 4057 quare
268 3969 450 4038 Ausonium
476 3997 492 4032 «
516 3969 608 4058 piget
636 3967 806 4058 virgiliani
831 3969 983 4041 carminis
1012 3968 1213 4059 dignitatem

143 4092 210 4152 tam
227 4085 365 4174 joculari
385 4085 619 4156 dehonestasse
638 4085 786 4154 materia.
812 4111 829 4150 o
851 4086 944 4166 Quod
963 4084 1004 4155 ad
1032 4086 1212 4157 conficien-
