2730 4926
598 342 773 412 ..95-

294 562 378 618 Salva
394 560 464 617 mihi
477 564 608 618 veterum
622 561 693 623 dum
706 561 809 633 regula
828 575 955 632 morum,

295 660 386 716 Ludat
396 659 546 733 permixtis
560 659 656 716 sobria
670 661 747 716 Musa
757 657 848 732 jocis.

150 867 155 878 ’
195 853 311 921 Atvero
330 871 370 918 er
384 849 519 920 diversis
548 849 685 918 Ausonii
699 848 829 939 scriptis
851 846 1044 936 singulatim
1070 848 1220 919 conside-

151 968 229 1037 ratis
244 969 448 1037 intellectum
468 973 529 1049 est,
547 987 619 1055 quae
644 967 679 1034 in
695 986 733 1034 eo
748 965 931 1055 prasertim
948 964 1125 1049 laudanda,
1146 986 1219 1054 quae

150 1083 433 1174 reprehendenda,
458 1104 539 1171 quas
556 1083 741 1171 singulares
758 1080 910 1151 exhibeat
925 1081 1074 1162 virtutes
1091 1083 1127 1150 in
1147 1103 1220 1169 quae

152 1201 306 1272 deveniat
314 1201 402 1283 vitia,
412 1221 483 1290 quae
490 1199 654 1289 prioribus
665 1197 824 1267 imitando
834 1197 1005 1288 subripiat,
1016 1198 1223 1287 quaeemittat

152 1339 249 1401 nova,
266 1339 331 1406 quo
344 1316 487 1406 denique
504 1315 636 1385 dicendi
652 1337 774 1404 genere
795 1315 901 1383 aliena
916 1322 1011 1384 ornet
1029 1323 1063 1383 et
1077 1315 1219 1405 propria.

195 1434 361 1525 InprimiS,
380 1434 487 1521 sijam
498 1433 645 1522 Judicata
658 1432 818 1503 memoria
834 1439 1000 1516 tenemus,
1019 1431 1145 1500 nullam
1165 1439 1221 1500 aut

150 1550 219 1618 sere
235 1549 361 1619 nullam
377 1531 652 1618 inveniendarum
672 1569 784 1618 rerum
804 1548 937 1618 laudem
956 1547 1099 1617 Ausonio
1116 1547 1221 1616 tribu-

118 1675 120 1680 '
150 1675 219 1734 tam
241 1665 419 1747 voluimus,
447 1686 523 1734 cum
543 1667 716 1734 materiam
741 1666 950 1754 plerumque,
976 1663 1047 1753 jam
1070 1686 1088 1732 a
1109 1645 1222 1732 multis

150 1789 334 1866 tractatam,
348 1788 522 1871 poetarum
542 1782 678 1870 ingenio
698 1781 873 1871 expolitam
899 1789 931 1850 et
947 1781 1116 1864 variatam,
1134 1801 1246 1849 acce.

149 1899 247 1988 perit,
276 1907 308 1966 et
332 1898 461 1966 fabulas
488 1897 679 1986 quotidiano
705 1917 768 1965 usu
792 1898 883 1966 tritas
908 1917 970 1965 nec
995 1897 1221 1989 explicatione,

149 2035 212 2082 nec
243 2014 403 2102 exquisita
444 2022 713 2082 ornamentorum
751 2014 842 2102 copia
889 2013 932 2081 sit
974 2013 1220 2102 interpretatus.

150 2130 255 2209 Quam
275 2151 350 2199 vero
366 2151 483 2220 parum
499 2131 651 2198 limatum
667 2138 700 2198 et
718 2129 839 2198 subtile
853 2129 888 2196 in
904 2127 1082 2217 deligendo
1094 2130 1156 2198 sibi
1172 2151 1223 2197 ar-

149 2254 309 2334 gumento
323 2247 459 2314 Ausonii
477 2245 576 2315 fuerit
585 2245 761 2334 judicium,
778 2267 845 2312 non
866 2254 917 2312 est
934 2266 992 2313 cur
1007 2247 1071 2313 alte
1096 2253 1222 2334 repeta-

147 2370 214 2431 tur.
234 2365 347 2451 lpsum
362 2361 591 2430 tantummodo
604 2360 711 2445 detur,
730 2361 869 2429 mirifico
884 2360 1089 2449 antiquitatis
1113 2362 1222 2430 studio

149 2486 294 2568 captum,
321 2499 361 2546 eu
382 2480 444 2546 hoc
475 2478 599 2568 puriori
633 2478 722 2546 fonte
748 2477 982 2561 hauriendum,
1015 2477 1163 2547 doctrina
1191 2486 1224 2546 et

149 2596 312 2684 exemplo,
331 2616 462 2666 summa
481 2595 634 2664 omnium
652 2595 806 2677 utilitate,
834 2594 1041 2684 predicasse,
1062 2595 1224 2664 excelleu-

146 2711 342 2799 tissimoque
368 2711 503 2799 ingenio
529 2712 706 2781 instructos
733 2711 819 2780 viros
842 2711 877 2779 in
892 2714 1017 2780 bonore
1034 2732 1150 2780 rursus
1165 2732 1223 2801 po·

148 2829 270 2896 suisse.

195 2946 300 3013 Poetae
320 2952 432 3012 tamen
448 2944 580 3013 solertia
600 2951 633 3013 et
652 2965 791 3013 acumen
810 2945 845 3011 in
860 2945 922 3012 boc
942 2945 1081 3033 spectari
1101 2952 1221 3034 potest,

148 3059 238 3149 quod
253 3069 403 3127 naturam
416 3060 543 3128 facilius
560 3060 735 3149 veriusque
747 3059 963 3129 describendo
974 3059 1133 3128 imitatur.
1148 3062 1223 3130 Tes-

147 3177 191 3246 tis
213 3183 263 3245 est
288 3175 378 3244 enim
397 3174 550 3260 Mosella,
566 3175 654 3266 quod
674 3197 806 3244 carmen
817 3176 1028 3267 potissimum
1048 3175 1137 3245 baud
1153 3199 1224 3253 me.

149 3291 267 3360 diceris
283 3301 386 3381 poetae
405 3292 524 3360 merito
539 3313 610 3362 esse
626 3292 767 3362 videtur.

194 3408 324 3476 Nemini
351 3409 495 3498 profecto
522 3409 604 3478 libet
627 3408 662 3476 in
685 3409 847 3500 praedictis
877 3410 1031 3500 operibus
1054 3410 1222 3499 inquirere

147 3524 233 3591 hanc
248 3524 505 3613 simplicitatem,
524 3546 597 3614 quae
613 3533 682 3593 arte
696 3527 839 3615 perfecta
854 3524 1051 3613 dignitatem
1069 3532 1177 3595 servat
1190 3533 1224 3595 et

149 3640 356 3728 gravitatem,
389 3641 605 3711 verborumve
624 3650 657 3711 et
688 3641 927 3710 sententiarum
946 3641 1088 3733 pondus
1119 3643 1220 3710 Multa

148 3753 294 3822 enimin
315 3756 355 3824 iis
375 3756 537 3847 irrepsere
559 3759 719 3842 affectata,
747 3758 871 3841 inflata,
894 3757 1020 3827 duriter
1038 3756 1221 3839 enuntiata,

146 3890 264 3960 parum
278 3872 447 3961 castigata,
459 3880 491 3941 et
505 3873 546 3941 ad
559 3876 640 3958 haec,
659 3874 811 3964 quaedam
832 3875 877 3943 ita
892 3882 1035 3967 pravast
1050 3873 1221 3957 deformia,
1250 3893 1252 3896 ’

146 3994 186 4056 ut
204 3987 286 4058 nihil
301 3988 463 4078 jejunius,
486 3990 569 4061 nihil
588 3991 734 4062 sterilius
749 3991 864 4080 effingi
884 3991 998 4083 possit.
