2730 4926
601 412 773 478 -59..

146 585 223 652 haec
242 580 352 651 addit:
371 609 387 645 n
403 581 446 649 Ac
462 581 490 648 si
505 581 562 669 qui
577 583 665 650 huno
679 601 868 651 sermonem
884 602 998 650 meum
1012 581 1131 651 iisdem
1148 604 1220 651 ver·

146 699 203 768 bis
220 706 287 766 tam
298 718 382 788 saepe
394 683 571 787 repetitum
584 697 700 788 inopiae
716 698 884 786 loquentis
899 699 1057 786 assignat,
1075 698 1219 788 experia-

146 817 273 884 turhoc
283 813 616 903 idempersequi3sed
628 814 995 905 nihilpoteritproferre
1006 815 1215 884 facundius»

127 980 128 983 ,
196 930 302 1008 Quem
318 928 357 997 de
376 929 569 1011 Theodosio,
588 931 737 1012 Pacatus,
759 921 897 1002 Ausonii
912 931 1065 1018 aequaliS,
1083 931 1219 1019 egitpa·

146 1045 359 1133 negpricum
377 1044 431 1114 ille
443 1065 509 1112 nou
521 1044 694 1114 verborum
709 1046 931 1135 simplicitate,
948 1044 1006 1114 sed
1019 1047 1130 1134 vigore
1141 1066 1215 1113 sen-

145 1160 331 1228 tentiarum
345 1160 591 1249 praesertimque
611 1160 713 1229 animi
730 1162 918 1229 excelsitate
933 1161 1040 1227 multo
1061 1168 1219 1250 prestan-

147 1278 217 1344 tior
227 1274 302 1364 jure
315 1274 466 1343 habetur.

293 1612 365 1670 XIV.
380 1613 530 1671 Periocha
543 1613 575 1670 in
588 1611 707 1672 Homeri
719 1613 841 1671 Iliadem
855 1617 886 1671 et
899 1603 1066 1686 odysseam.

195 1856 361 1925 Ausonius
395 1856 564 1946 periochas
584 1857 619 1924 iu
640 1855 772 1924 Homeri
798 1856 935 1925 lliadem
969 1864 1002 1925 et
1026 1857 1216 1945 Odysseam,

146 1993 232 2042 oum
251 1973 453 2054 Gratianum,
493 1979 565 2040 tum
606 1972 858 2060 Burdigalenses
891 1973 1055 2041 auditores
1080 1973 1218 2041 docendi

146 2109 262 2171 causa,
296 2087 523 2173 verisimiliterv
548 2087 706 2157 condidit.
726 2091 789 2158 Nos
810 2098 921 2158 autem
944 2092 1104 2158 miramur
1128 2089 1217 2177 quod

147 2224 208 2274 eas
241 2203 346 2272 soluta
365 2203 511 2272 oratione
531 2204 672 2293 scripsit,
703 2225 779 2272 oum
811 2211 857 2273 tot
876 2205 968 2288 alias,
987 2227 1059 2294 qum
1075 2226 1136 2274 uec
1151 2213 1220 2272 tam

148 2321 260 2410 gravis
276 2320 449 2402 momenti,
466 2339 525 2388 nec
539 2328 607 2387 tam
619 2320 741 2411 poetici
764 2321 896 2410 spiritus
929 2330 1032 2405 erant,
1052 2320 1110 2411 (eae
1129 2341 1219 2390 rovo-

147 2443 269 2507 centur
281 2455 362 2524 quas
381 2435 417 2503 iu
432 2436 719 2525 Technopaegnion
735 2438 814 2505 etin
833 2437 1002 2526 Eclogaric
1018 2436 1217 2527 retulimus),

148 2551 305 2622 materias
322 2552 456 2620 metrico
473 2572 624 2620 sermone
641 2551 815 2621 edidisset:
834 2554 897 2622 illae
918 2562 1029 2622 tamen
1046 2554 1085 2621 ah
1101 2574 1139 2623 eo
1155 2554 1219 2621 scr-

148 2688 212 2736 san
226 2687 293 2734 non
313 2665 408 2733 editae
429 2672 519 2733 suut.

199 2783 360 2852 Periochae
381 2789 493 2850 autem
509 2782 572 2850 illae
596 2803 634 2850 eu
654 2783 787 2852 Homeri
804 2783 908 2867 libris,
939 2783 985 2873 (et
1014 2783 1054 2852 iis
1070 2784 1219 2854 versibus

147 2900 210 2992 qui
228 2899 367 2987 singulis
386 2906 622 2990 praeponuntur
637 2901 811 2969 manifesto
829 2900 979 2992 constat),
1001 2901 1036 2967 in
1065 2902 1216 2989 linguam

147 3020 325 3092 latinama
355 3019 510 3108 quodam,
535 3019 673 3088 fortasse
693 3021 734 3088 ab
758 3021 901 3089 Ausonio
925 3021 1009 3109 ipsc,
1037 3021 1216 3104 translatio,

148 3135 307 3206 conlectae
322 3136 468 3204 fuerunt.
488 3138 572 3217 lmo,
595 3157 662 3204 non
676 3137 784 3204 solum
809 3157 826 3204 e
845 3136 946 3205 latina
963 3137 1071 3225 aliqua
1087 3137 1219 3207 Homeri

148 3252 365 3320 translatione
399 3244 557 3341 excerptae
584 3251 749 3334 videntur,
783 3252 1017 3321 verumetiam
1042 3253 1221 3341 singularia

149 3367 317 3458 quaedam,
335 3389 401 3436 uon
418 3368 457 3435 ab
474 3369 627 3451 Homero,
648 3368 707 3436 sed
727 3389 821 3437 seua
855 3370 890 3436 P.
919 3370 1062 3453 Marone,
1092 3390 1151 3438 seu
1180 3370 1220 3438 ab

148 3483 225 3553 aliis
244 3482 373 3572 Trojani
391 3483 470 3551 belli
485 3484 711 3573 scriptoribus,
735 3483 820 3552 dicta
835 3484 1017 3552 continent.

196 3597 416 3687 Quopertinet
425 3598 588 3688 imprimis
602 3598 739 3686 quodad
750 3598 872 3668 librum
882 3600 970 3668 llllll
984 3598 1094 3668 Iliadis
1105 3599 1217 3682 relect,

146 3732 273 3801 nempe
301 3714 448 3783 Hectoris
469 3735 586 3804 corpus
603 3714 643 3782 ab
661 3714 787 3782 Achille
804 3722 855 3781 ter
872 3715 996 3783 circum
1012 3735 1124 3784 muros
1144 3716 1221 3784 Tro-

143 3829 247 3919 janos
275 3836 456 3920 raptatum;
475 3838 508 3898 et
536 3830 577 3898 ad
591 3830 714 3898 lihrum
730 3833 802 3913 Vll,
824 3831 949 3899 scilicet
964 3832 1155 3915 Hectorem,
1174 3833 1221 3900 la·

146 3939 229 4035 pide
241 3942 355 4028 ictum,
378 3945 412 4012 in
428 3966 564 4014 sucrum
580 3967 614 4014 se
630 3946 792 4036 recepisse
809 3945 1070 4030 multitudinem,
1088 3967 1220 4036 ac,per·

148 4067 323 4131 severante
339 4062 530 4146 certamine,
555 4063 802 4138 caduceatorem
839 4061 965 4132 Idaeum
981 4063 1215 4146 intervenisse
