2730 4926
595 440 776 501 ..90-

152 609 228 672 tera
244 601 349 671 asolis
365 601 587 689 grammaticis
599 613 656 672 aut
666 604 930 693 rhetoribus,qui
941 604 1096 695 putidam
1109 613 1218 675 osten-

150 719 264 787 tabant
280 718 476 801 doctrinam,
485 720 747 790 celebrabantur.
761 721 923 790 Orationis
940 722 1030 789 enim
1044 724 1218 813 ampullas,

148 835 376 924 sermonisque
397 835 559 903 ambitum
576 837 779 906 etluriosam
798 836 991 906 eruditionis
1007 839 1221 908 consuetudi-

149 974 227 1022 nem
243 974 319 1022 cum
349 953 550 1036 affectarent,
573 956 674 1024 meris
702 955 801 1044 nugis
821 955 990 1044 fingendis
1020 977 1056 1024 se
1084 955 1219 1026 dabant,

148 1070 212 1139 nisi
241 1069 385 1138 materiae
420 1069 631 1160 descriptioni
660 1093 730 1140 rem
758 1071 928 1141 metricam
961 1071 1136 1140 interdum
1171 1094 1220 1141 ac

147 1185 406 1254 commodarent.
417 1187 497 1253 Nam
514 1187 570 1274 qui
586 1186 702 1256 litteris
714 1195 793 1257 tunc
805 1196 922 1257 uacant
932 1187 1054 1256 eruditi
1068 1188 1219 1276 quidem,

147 1309 205 1369 aut
232 1300 362 1383 diversi,
392 1303 484 1370 libati
511 1303 664 1391 acutique
684 1311 789 1386 sunt;
826 1303 1046 1373 elocutionem
1085 1325 1166 1374 vero
1191 1312 1223 1374 et

147 1438 255 1506 genus
270 1417 401 1487 dicendi
420 1420 528 1487 solum
562 1419 726 1488 subtiliter
745 1428 876 1488 curant:
908 1421 1018 1508 itaque
1034 1441 1115 1488 mon
1130 1420 1222 1490 vitia-

147 1541 201 1602 tur
214 1535 339 1623 lingua,
358 1534 574 1624 inprimisque
592 1543 679 1604 recta
708 1536 780 1604 sani
798 1537 960 1605 sermonis
977 1535 1219 1624 intelligentia;

144 1649 319 1740 possisque
340 1650 494 1719 obsoletis
523 1658 695 1720 auctorum
714 1651 993 1720 recordationibus
1019 1652 1224 1741 puerilibus·

147 1786 212 1857 que
232 1757 357 1835 artibus
377 1775 506 1835 tantum
522 1768 631 1835 alitur.

190 1883 353 1952 Ausonius
373 1884 566 1971 gravissime
582 1883 735 1974 peccavit,
758 1883 847 1974 quod
861 1884 948 1953 vitiis
974 1884 1040 1953 illis
1058 1904 1094 1953 se
1113 1885 1220 1969 dedit,

146 1997 271 2067 nedum
297 2000 337 2069 iis
368 1999 553 2069 obsisteret.
589 2001 704 2068 Nonne
733 2000 824 2068 enim
853 1997 1076 2089 vituperandae
1107 2000 1221 2070 latinae

145 2138 282 2208 poeseos
298 2116 501 2186 inclinationi
524 2117 580 2185 ille
600 2117 727 2185 valebat
742 2115 907 2198 reluctari,
926 2115 983 2204 qui
1003 2116 1103 2184 tantis
1124 2117 1222 2206 inge·

128 2243 130 2246 ‘
146 2234 194 2302 nii
207 2233 337 2302 dotibus
349 2233 506 2323 praeditus
522 2242 603 2316 erat,
623 2254 699 2302 curn
709 2233 743 2299 in
759 2233 816 2300 illo
838 2231 879 2300 ad
893 2239 1044 2300 naturam
1062 2233 1224 2303 eximiam

145 2359 244 2440 atque
257 2351 421 2419 illustrem
437 2351 627 2419 accessisset
644 2349 725 2418 ratio
741 2348 1024 2437 conformatioque
1043 2347 1221 2435 doctrinae,

145 2475 243 2556 atque
266 2488 305 2535 ex
320 2467 392 2536 aliis
412 2467 571 2549 lontibus,
593 2487 694 2554 quam
724 2487 741 2534 e
763 2466 885 2555 quibus
904 2466 1046 2554 aequales
1078 2474 1222 2536 cestrum

144 2584 276 2652 haurire
292 2583 453 2665 solebant,
466 2584 568 2651 animi
582 2584 648 2653 vim
664 2604 700 2651 ao
708 2583 932 2672 prestantiam
944 2583 1074 2650 trahere
1082 2589 1221 2673 posset?

190 2698 348 2777 Quartum
369 2698 458 2767 enirn
474 2701 631 2768 saeculum
648 2699 830 2767 Christiana
845 2698 961 2786 religio
981 2698 1097 2766 orbern
1111 2706 1216 2769 torra-

48 2809 50 2813 ‘
145 2836 219 2884 rum
238 2822 476 2905 praceptorum
501 2813 762 2904 dogmatumque
772 2814 899 2884 lumine
918 2815 1060 2895 fovebat,
1081 2822 1114 2883 et
1130 2837 1214 2904 quo·

144 2953 286 3021 cumque
300 2952 373 3000 earn
389 2930 571 3000 doctrinam
588 2931 759 3015 effuderat,
773 2953 845 3021 quae
858 2953 925 3000 non
941 2931 1067 2999 animas
1089 2931 1216 3015 solum,

143 3048 202 3118 sed
211 3049 310 3117 etiam
319 3049 470 3117 liberales
484 3055 581 3132 artes,
599 3048 762 3137 ingenuas
777 3048 902 3117 litteras
920 3055 953 3116 et
964 3047 1218 3138 philosophiam

146 3164 187 3233 ad
201 3165 302 3232 vitam
314 3184 425 3232 veram
444 3185 558 3233 vocare
577 3172 700 3254 posset.
718 3165 882 3233 Ausonius
900 3164 1004 3264 igitur
1017 3161 1087 3251 qui,
1106 3168 1144 3231 ut
1162 3184 1218 3232 su-

143 3302 201 3371 pra
226 3279 506 3362 confirmavimus,
542 3281 746 3349 Christianus
767 3286 847 3362 erat,
870 3300 909 3348 ex
932 3280 984 3348 his
1014 3278 1217 3349 sublimibus

144 3395 328 3465 christiana
348 3394 516 3482 religionis
526 3395 706 3486 disciplinis
723 3397 853 3463 trahere
865 3394 1036 3464 debuisset
1045 3394 1135 3483 quod
1151 3395 1216 3486 ipsi

143 3533 349 3602 paganorum
363 3511 471 3600 poesis
487 3511 663 3580 abnuebat.
675 3512 733 3580 llei
745 3515 837 3581 vero!
853 3513 988 3581 nomine
1005 3513 1073 3580 solo
1090 3511 1215 3581 Christi

146 3628 337 3717 discipulus,
369 3628 535 3716 mythicis‚
559 3628 679 3717 quibus
698 3629 809 3698 nullus
833 3627 903 3717 jam
931 3629 1064 3697 excitari
1087 3636 1219 3718 poterat

145 3752 247 3827 vates,
264 3745 383 3813 fabulis
399 3743 480 3813 adeo
492 3746 662 3827 excitatur,
676 3752 714 3814 ut
729 3745 913 3814 artificiales
929 3745 1007 3814 artis
1019 3744 1217 3833 ingeniosae,

146 3862 205 3931 sed
223 3862 364 3931 labentis
384 3868 568 3947 senectute,
597 3863 742 3930 rationes
771 3883 849 3930 eum
870 3861 968 3930 modo
989 3862 1167 3945 oblectent,
1186 3869 1220 3931 et

146 3999 277 4048 summa
289 3999 401 4048 rerum
416 3986 546 4048 tantum
562 3979 737 4064 delibatus,
746 3981 916 4048 rhetorum
926 3979 1148 4068 instar,longe
1160 3979 1220 4049 ab·

150 4096 192 4166 sit
208 4098 248 4165 ab
267 4096 322 4167 illa
341 4118 485 4181 morum,
503 4096 674 4179 virtutum,
697 4095 774 4165 fidei
798 4097 1018 4180 restitutione,
1036 4117 1095 4185 per
1115 4117 1219 4185 quam
