2730 4926
597 381 772 450 ..98-

295 552 442 608 Et‘vcrum
457 549 516 606 rita
528 549 574 606 cui
588 549 697 608 carius:
714 565 829 622 unaque
841 565 909 606 cura

292 651 380 706 Nosse
395 651 532 706 iterun...

151 805 228 855 cum
244 784 353 852 Sancti
371 782 504 852 ioannis
536 782 704 871 Evangelii
719 803 789 874 cap.
806 783 904 866 ΙΙΙΙΙΙ,
921 803 949 849 v.
967 783 1000 866 3,
1018 789 1122 871 atque
1136 780 1220 871 ejus·

151 900 228 970 dem
244 899 410 990 epistolael
426 919 498 988 cap.
516 901 554 981 V,
566 921 594 966 v.
607 902 650 966 20
667 900 709 987 («
726 899 800 968 Haec
810 904 861 968 est
875 905 985 966 autem
1000 897 1067 968 rita
1083 908 1219 981 aeterna,

149 1026 188 1086 ut
205 1024 405 1105 cognoscant
420 1024 451 1083 te
467 1015 698 1084 solum'Deum
722 1035 849 1085 verum.
870 1052 915 1066 -
933 1017 973 1083 Et
991 1014 1120 1084 scimus
1141 1035 1219 1104 quo·

149 1132 238 1201 niam
258 1132 359 1200 Filius
372 1131 430 1200 Dei
444 1130 550 1214 uenit,
566 1139 599 1200 et
618 1130 709 1199 dedit
718 1130 813 1200 nobis
829 1148 965 1202 sensum
983 1138 1022 1200 ut
1040 1151 1220 1219 cognosca-

149 1268 224 1317 mus
237 1268 352 1317 verum
367 1248 514 1316 Deum...
529 1273 545 1309 »
563 1248 576 1334 )
587 1247 663 1335 jure
679 1248 829 1317 contulit.

193 1366 317 1433 Rursus
330 1362 419 1432 idem
436 1364 618 1431 Gratiarum
634 1364 769 1433 actionis
784 1364 1019 1454 precationem,
1049 1385 1155 1454 quarn
1188 1372 1221 1432 et

148 1481 218 1571 ipse
242 1481 376 1551 notavi:
419 1509 435 1543 «
454 1483 586 1549 AEterne
611 1482 761 1549 omnium
794 1481 979 1570 genitor‚...
1014 1480 1073 1570 qui
1094 1481 1219 1572 templa

147 1597 206 1666 tibi
213 1605 247 1665 et
256 1617 325 1666 aras
335 1596 558 1687 penetralibus
567 1596 770 1666 initiatorum
778 1598 947 1666 mentibus
958 1596 1182 1666 condidisti...
1200 1623 1216 1658 »

148 1713 292 1802 epistolae
311 1713 324 1781 Ι
339 1712 427 1780 beati
442 1712 533 1780 Pauli
549 1712 589 1779 ad
602 1712 788 1781 Corinthios
802 1733 873 1803 cap.
893 1713 948 1796 ΙΙΙ,
964 1734 992 1781 v.
1013 1715 1067 1796 Ι6,
1090 1722 1127 1783 ct
1147 1736 1216 1804 cap.

146 1829 198 1912 VI,
233 1851 261 1896 r.
290 1830 344 1912 19,
380 1837 478 1917 atque
504 1828 654 1917 ejusdem
689 1827 730 1897 ad
750 1828 884 1897 eosdem
915 1829 1060 1921 epistolae
1086 1830 1119 1899 11
1147 1851 1217 1921 cap.

147 1946 202 2027 ΙΙΙ,
237 1967 265 2012 v.
284 1959 287 1963 ’
304 1946 344 2013 16
365 1943 598 2013 conferendam
614 1945 736 2033 pariter
760 1945 899 2014 censuit.
922 1945 966 2036 (o
981 1946 1125 2017 Nescitis
1144 1947 1220 2038 quia

147 2060 311 2153 templum
326 2060 403 2129 estis
418 2061 557 2150 Spiritus
577 2060 685 2128 Sancti
699 2065 715 2127 Ι
727 2086 743 2122 »
766 2059 776 2151 )

190 2177 361 2259 Praeterea,
378 2177 429 2245 his
448 2176 619 2266 adscriptis
635 2175 705 2264 jam
724 2176 884 2259 versibus,
901 2176 1035 2265 quibus,
1053 2199 1134 2248 mea
1150 2179 1222 2268 qui-

146 2290 223 2360 dem
249 2292 424 2375 sententia,
451 2291 629 2359 christiana
655 2291 791 2359 Ausonii
815 2290 930 2380 religio
954 2291 1219 2377 demonstratur,

144 2408 205 2477 hos
224 2404 333 2478 forsan
349 2407 469 2477 addere
496 2407 585 2491 licet,
604 2428 687 2496 quos
707 2427 747 2476 ex
764 2407 900 2498 epistola
922 2408 989 2478 XVI
1007 2406 1050 2476 ad
1070 2410 1221 2480 Probum

145 2520 202 2612 (vv.
225 2524 266 2592 66
287 2531 321 2593 et
335 2523 389 2613 96)
410 2524 556 2613 excerpsi
578 2544 585 2591 :

287 2663 396 2720 Diome
410 2665 507 2720 valere
523 2667 552 2720 et
567 2664 674 2733 vivere,

285 2762 336 2818 Dic
350 2761 444 2818 virere
459 2779 495 2818 ex
510 2764 575 2818 voto
591 2761 687 2834 pio...‚

285 2860 397 2918 Sanctis
410 2864 580 2933 precantem
596 2860 710 2916 vocibus

285 2959 321 3017 ut
333 2971 467 3032 quem...

284 3087 320 3101 -
337 3058 419 3114 Adde
434 3061 546 3127 votum,
568 3057 645 3130 quod
659 3056 707 3129 pio

285 3156 475 3230 Concepimus
487 3156 530 3212 rei
546 3157 615 3212 Deo.

188 3281 282 3365 Tum,
300 3280 527 3372 Ephemeridis
546 3280 731 3371 parecbasis
751 3301 782 3350 v.
800 3282 819 3349 7
842 3302 850 3349 :

282 3425 440 3497 Patcatque
457 3423 503 3479 sac
518 3423 677 3479 sacrarium

186 3568 262 3617 cum
278 3548 421 3638 epistolae
438 3548 540 3648 ΙΙΙΙΙΙΙ
561 3568 593 3616 v.
615 3549 674 3618 91:

282 3689 453 3763 celebrique
468 3690 605 3763 frequens
620 3688 823 3746 ecclesiatico.

185 3835 258 3883 com
284 3836 374 3884 onas.

184 3837 341 4014 Tandem,
356 3939 392 4000 ut
395 3929 466 4020 jam
476 3930 640 4015 adnotavi,
653 3930 781 4001 Paulini
789 3931 909 4016 Pelusi,
921 3931 1210 4023 Ausoniinepotis

141 4047 365 4117 Euchariston
381 4048 579 4119 sententiam
595 4057 742 4118 nostram
757 4049 899 4119 maxima
914 4048 945 4120 vi
960 4048 1149 4122 coufirmat.
1172 4056 1224 4153 ln
