2730 4926
584 391 759 456 ..41-

132 556 293 640 firmavit;
307 555 449 646 piscium
466 574 539 623 varo
553 553 811 644 descriptionem
823 554 869 621 ita
880 575 990 624 veram
1001 555 1204 646 judicarunt,

134 684 173 744 ul
205 675 291 744 dccli
322 675 393 758 viri,
420 693 532 742 rerum
555 656 680 742 natura
714 673 938 763 inquisitores,
983 676 1024 744 ab
1061 677 1205 747 Ausonio

134 792 240 859 multa
260 790 301 858 ad
321 789 472 879 quadam
497 788 686 878 explicanda
715 790 768 859 vel
790 788 943 877 augenda
976 810 1108 861 sumere
1139 814 1206 860 non

135 906 369 975 dubitaverint.
394 904 550 973 Nonnulli
568 913 679 973 autem
695 905 800 995 pisces
820 926 886 972 non
903 903 1018 973 eadem
1031 905 1206 996 diligentia

132 1021 312 1104 recenseri,
330 1030 428 1111 atque
444 1041 566 1108 genera
591 1020 741 1108 quadam
757 1021 898 1088 Mosellae
914 1020 1105 1105 innatantia,
1125 1023 1205 1092 dum

133 1158 307 1226 nunquam
319 1136 389 1224 ejus
405 1136 572 1205 secuerint
583 1156 698 1224 aquas,
717 1157 734 1202 a
750 1143 845 1224 poeta
859 1136 987 1204 ostendi
1003 1137 1202 1206 existimant.

134 1251 220 1322 lllud
240 1252 329 1321 enim
355 1252 446 1321 hisce
466 1251 653 1340 Symmachi
670 1251 776 1320 verbis
796 1252 1054 1344 confirmarunt:
1075 1282 1091 1317 «
1112 1253 1204 1322 Unde

132 1367 190 1436 illa
220 1367 424 1436 amnicorum
445 1368 588 1457 piscium
608 1367 756 1434 examina
771 1368 933 1457 reperisti,
949 1389 1048 1457 quam
1063 1369 1205 1437 nomini-

133 1481 197 1549 bus
213 1481 313 1564 varia,
332 1490 398 1549 tam
415 1484 590 1566 coloribus,
610 1490 646 1551 ut
666 1482 897 1570 magnitudine
916 1482 1081 1566 distantia,
1096 1486 1142 1553 sic
1155 1505 1203 1553 sa·

133 1617 213 1687 pore
226 1601 282 1665 l...
313 1598 412 1686 Atqui
442 1599 477 1666 in
500 1599 565 1666 tuis
585 1599 710 1666 mensis
742 1619 826 1687 saepe
857 1606 1205 1689 versatus,nunquam

133 1714 197 1780 hoc
212 1733 318 1800 genus
332 1713 474 1802 piscium
500 1713 714 1803 deprehendi.
740 1713 876 1793 Quando
902 1714 937 1780 bi
952 1715 1058 1802 pisces
1071 1715 1106 1782 in
1119 1715 1204 1782 libro

133 1828 194 1896 uhi
209 1829 278 1896 nati
293 1836 384 1911 sunt,
406 1830 463 1917 qui
479 1830 514 1898 in
529 1807 664 1897 ferculis
680 1850 747 1896 non
763 1827 899 1896 fuerunt
916 1829 947 1896 1?
965 1857 977 1890 a

118 2030 122 2036 ἡ
185 1943 325 2014 Vixdum
354 1943 492 2013 Mosella
522 1944 561 2013 ad
588 1946 698 2013 lucam
728 1943 769 2011 ab
799 1953 930 2013 auclore
945 1944 1066 2033 prodiit
1100 1963 1203 2032 quum

138 2078 230 2148 ‹per
263 2079 381 2127 manus
402 2060 561 2148 sinusque
590 2061 773 2128 mullorum
806 2086 822 2121 a
854 2060 1011 2129 volitavit.
1043 2060 1204 2128 Omnium

132 2174 305 2264 plausibus
333 2184 499 2265 acceptus,
536 2177 765 2264 aSymmacho
782 2175 852 2264 ipso
879 2175 972 2243 libris
988 2176 1128 2244 Maronis
1148 2175 1204 2244 ad-

128 2288 267 2378 junctus
280 2290 354 2358 fuit.
366 2291 519 2369 Quamvis
536 2291 746 2380 amplissimis
759 2290 935 2377 indignum
954 2290 1107 2358 laudibus
1123 2291 1201 2371 illis,

133 2414 246 2473 tamen
270 2425 403 2472 carmen
427 2405 529 2487 istud,
552 2406 600 2473 uti
626 2425 643 2473 c
672 2403 932 2493 praecedentibus
952 2404 1131 2492 dijudicare
1145 2425 1203 2492 po-

133 2520 271 2602 tuimus,
298 2529 478 2603 vetustum,
506 2520 645 2588 etmolli
675 2540 711 2587 ac
737 2518 862 2609 liquida
884 2518 1027 2588 dictione
1042 2528 1199 2610 praestans

134 2635 252 2703 merito
271 2636 412 2704 videtur.

177 2751 312 2818 Ausonii
330 2751 516 2835 Mosellam,
542 2773 609 2820 uno
635 2759 733 2840 atquc
760 2753 861 2820 altero
891 2752 1020 2820 circiter
1042 2754 1203 2842 posterius

132 2869 282 2950 saeculo,
312 2869 492 2938 venantius
520 2869 683 2936 Honorius
722 2869 971 2937 clementianus
1003 2870 1202 2936 Fortunatus

131 2981 301 3050 nonnullis
325 2983 525 3051 carminibus
546 2984 699 3052 ¹imitatus
721 2992 782 3065 est,
814 2983 901 3050 inter
920 3005 991 3070 qua
1008 2982 1072 3051 duo
1095 2985 1203 3072 magis

132 3097 290 3166 notabilia
305 3099 472 3167 habentur
502 3122 509 3168 :
533 3100 573 3168 de
593 3101 684 3168 hisce
703 3120 805 3189 pauca
830 3099 991 3167 disserere
1005 3100 1040 3167 in
1054 3096 1211 3170 mantem*

131 3225 278 3282 nostram
291 3215 392 3283 venit.
411 3219 450 3282 ln
469 3216 581 3304 priori,
604 3216 645 3284 ad
673 3216 846 3297 Nicetium,
865 3216 1098 3284 Treverensem
1120 3218 1203 3306 epis·

131 3350 264 3419 copum,
282 3330 322 3398 de
340 3332 471 3399 castallo
496 3351 596 3420 super
620 3331 788 3399 Mosellam
802 3331 915 3414 misso,
944 3339 1039 3421 poeta
1052 3319 1203 3420 quaedam

133 3446 173 3514 de
188 3447 322 3534 regione
352 3447 451 3517 lluvio
477 3447 697 3534 circumjecta,
721 3456 754 3514 et
767 3447 807 3514 de
822 3447 1043 3536 llumineipso
1062 3448 1205 3518 breviter

132 3573 308 3633 memorat.
326 3567 422 3648 Eum,
438 3586 555 3654 poema
578 3565 659 3633 illud
675 3565 885 3644 condentem,
910 3565 1016 3634 Nostri
1028 3565 1202 3633 Mosellam

133 3689 210 3748 ante
223 3681 334 3749 oculos
359 3682 527 3764 habuisse,
548 3681 678 3771 quade
699 3682 884 3749 innumeris
897 3681 988 3750 fluvii
1010 3681 1156 3770 piscibus
1172 3693 1204 3751 61

132 3795 173 3863 de
193 3794 350 3864 uberibus
370 3797 470 3885 agris,
486 3796 711 3885 viridibusque
725 3797 836 3865 herbis
857 3805 890 3865 et
905 3796 1015 3880 tradit,
1030 3796 1120 3864 haud
1144 3796 1204 3864 du-

131 3911 186 3979 bie
199 3918 372 3981 testantur.
390 3914 427 3980 ln
442 3913 628 4002 posteriori,
638 3914 743 3981 mullo
758 3913 856 3981 latius
872 3914 988 3996 effuso,
1003 3915 1203 3982 Fortunatus

164 4073 188 4121 1.
203 4070 291 4137 Epist.
306 4085 324 4131 r,
341 4074 378 4121 ll.
