2730 4926
601 353 776 418 -ῃ-

158 523 301 591 multum
334 521 472 590 valebat.
513 520 590 599 Qua
624 521 725 602 enim,
754 521 851 609 paulo
885 520 1026 588 nobilior
1058 529 1226 610 poetaque

158 640 299 729 dignior,
317 659 354 707 ea
373 645 442 706 erat
459 657 531 725 quae
552 644 699 705 mentem
718 637 878 726 poeticam
897 644 1009 725 posset
1027 636 1224 708 accendere.

202 756 349 823 Primum
376 753 416 820 de
439 753 567 820 Pascha
593 754 745 835 volvitur,
774 761 873 841 atque
898 753 938 821 ab
964 755 1109 822 Ausonio
1136 755 1226 844 apud

158 871 419 942 Valentinianum
435 871 593 937 Caesarem
609 868 778 937 conditum
791 878 851 938 est.
867 870 892 936 ll
910 870 1027 937 Christi
1045 868 1224 960 discipulo,

157 996 194 1057 ut
212 1008 310 1077 supra
332 986 486 1068 diximus,
509 1007 574 1053 non
600 985 764 1066 abhorret,
780 1005 960 1073 versusque
984 985 1108 1074 praebet
1133 986 1227 1054 haud

157 1105 309 1172 incultos.
334 1107 371 1172 ln
387 1102 465 1183 fine,
488 1112 582 1190 poeta
602 1101 772 1170 delicatius
788 1103 968 1170 Caesaribus
984 1101 1166 1171 blanditur.

200 1218 388 1288 Secundum
408 1217 596 1308 Epicadion
620 1219 776 1300 eontinet,
799 1217 833 1285 id
857 1227 907 1286 est
926 1239 1057 1286 carmen
1074 1218 1225 1288 defuncti

156 1334 327 1423 cujusdam
347 1335 464 1402 honori
491 1334 647 1402 dicatum.
675 1338 713 1401 ln
732 1335 801 1416 illo,
831 1335 915 1402 sicut
935 1335 970 1401 in
995 1336 1224 1404 Parentalibus

156 1451 336 1533 nonnullis,
357 1452 472 1519 Noster
489 1451 608 1540 pietate
625 1451 739 1540 petria,
760 1471 889 1519 necnon
904 1459 1075 1519 venustate
1102 1452 1172 1519 stili
1192 1461 1225 1520 et

154 1566 278 1655 lepore,
297 1567 504 1656 simplicique
525 1587 586 1635 uec
608 1570 744 1654 quaesito
760 1568 934 1635 verborum
951 1576 1068 1634 ornatu
1087 1586 1223 1657 quoque

155 1682 302 1749 excellet.
325 1683 453 1750 Patrem
474 1691 601 1771 septem
624 1682 826 1771 sapientibus
842 1703 966 1773 parem,
987 1684 1083 1771 aegris
1098 1705 1225 1774 paupe-

154 1797 246 1864 ribus
267 1807 369 1865 artem
388 1798 569 1886 inemptam
589 1798 793 1880 offerentem,
816 1798 1012 1866 modestiam
1032 1806 1222 1868 servantem

154 1912 190 1979 in
210 1933 340 1980 summa
365 1913 507 1994 fortuna,
537 1913 735 2002 nullumque
752 1923 960 2004 appetentem
980 1897 1140 1996 officium,
1157 1915 1222 1984 uisi

155 2028 276 2096 curiale
312 2048 435 2096 munus
461 2029 771 2118 provinciarumque
800 2030 928 2118 Illyria,
959 2029 1115 2098 ostendit.
1143 2031 1222 2098 Am·

154 2142 311 2232 plissimis
336 2144 375 2211 iis
401 2143 566 2225 laudibus,
597 2164 669 2232 qum
696 2144 833 2212 minime
862 2167 880 2213 a
906 2145 1042 2215 veritate
1064 2145 1223 2216 videntur
1272 2201 1276 2209 .

154 2258 280 2342 abesse,
315 2260 350 2326 in
376 2261 570 2329 memoriam
593 2269 688 2328 notos
713 2261 811 2349 primi
829 2262 1048 2330 Parentalium
1062 2263 1221 2331 carminis

153 2394 266 2443 versus
280 2383 429 2445 revocat:

224 2536 257 2590 Ut
273 2535 385 2590 nullum
401 2535 545 2591 Ausonius
560 2553 648 2608 quem
664 2538 823 2592 sectaretur
838 2537 976 2607 babebat,

224 2614 880 2687 QQMQQmmmmmmfflmt

195 2756 341 2824 Tertium
357 2755 397 2822 de
414 2755 555 2824 Ausonii
572 2757 692 2824 villula
712 2764 816 2826 artem
835 2758 1029 2846 exquisitam
1045 2766 1078 2828 et
1104 2779 1219 2850 opero·

151 2873 218 2941 sius
244 2882 390 2941 metrum
413 2873 577 2962 patefacit.
603 2878 639 2941 ln
657 2875 768 2962 paucis
798 2875 946 2944 versibus
974 2883 1069 2965 poeta
1096 2877 1219 2945 villula

72 3075 76 3085 Ι
149 2987 403 3078 descriptionem
426 2998 562 3058 conatur
577 2990 682 3059 iacere
722 2992 870 3059 Primum
887 3000 998 3059 autem
1013 2993 1127 3080 patris,
1142 3015 1217 3082 pro·

147 3113 258 3194 perata
278 3115 383 3174 morte
402 3107 569 3196 preventi,
593 3108 670 3176 licet
680 3108 750 3196 jam
767 3107 917 3190 senioriS,
939 3107 1065 3176 obitum
1086 3107 1218 3178 deside-

147 3241 235 3302 rans,
248 3220 322 3310 pius
337 3221 530 3311 indignatur
544 3223 632 3311 quod
647 3232 714 3302 tam
728 3225 790 3292 cito
803 3225 850 3292 illi
866 3225 1020 3292 succedat
1031 3224 1218 3294 herediolu-

147 3356 211 3423 que
231 3336 368 3405 fruetur.
398 3338 599 3427 Opusculum
618 3339 712 3422 illud,
740 3339 843 3408 multa
862 3341 964 3408 animi
979 3342 1169 3410 amoenitate
1183 3350 1217 3411 et

147 3451 252 3519 cordis
268 3453 385 3521 ellectu
401 3453 582 3537 conditum,
596 3456 765 3542 legentem
781 3455 938 3525 oblectat:
957 3455 1016 3524 sed
1031 3455 1216 3526 dolendum

145 3567 292 3656 estquod
311 3578 434 3652 auctor,
456 3578 544 3638 recto
565 3591 655 3639 sanae
672 3591 808 3659 poeseos
833 3581 932 3660 gustu
948 3571 1087 3662 perdito,
1104 3572 1216 3640 erudi-

145 3682 242 3751 tionis
264 3685 481 3753 ostentatione
501 3693 532 3754 et
555 3687 698 3755 artificiis
720 3687 845 3775 ingenii
869 3687 1037 3756 interdum
1054 3708 1214 3758 exornare

144 3798 226 3866 illud
249 3800 361 3868 voluit.
385 3801 548 3870 Ausonius
573 3802 608 3869 id
632 3801 776 3871 condens
797 3803 931 3886 Horatii,
947 3804 981 3870 in
1009 3803 1145 3892 epistola
1173 3804 1217 3872 ad

145 3913 334 3992 Quinctium
354 3915 448 3984 fundi
461 3917 599 3985 formam
617 3927 647 3985 et
664 3919 765 3986 situm
780 3919 850 4007 agri
870 3918 1041 3988 scribentis
1059 3920 1082 4002 ¹,
1102 3939 1215 3987 exem-

176 4066 199 4115 l.
213 4064 265 4128 Ep.
279 4079 329 4125 ru,
345 4067 363 4116 l.
380 4067 403 4118 Ι.
