2730 4926
358 1713 479 1765 INDEX
499 1711 808 1766 AUSONIANORUM
829 1710 1007 1780 OPERUM,

287 1837 550 1891 CONSERVATIS
570 1836 814 1900 NOTATISQUE
834 1835 1083 1890 TEMPORIBUS

411 1964 552 2028 QUIBUS
573 1963 741 2017 CONDITA
761 1962 947 2016 FUERINT.

183 2575 348 2632 Ausoniana
363 2591 462 2645 opera,
479 2573 500 2629 si
515 2591 572 2646 qua
587 2576 672 2630 oetate
685 2573 795 2630 suerint
807 2572 922 2629 condita
938 2573 1160 2645 attenderimus,
1180 2575 1208 2631 in

147 2667 205 2719 tres
219 2666 316 2736 portes
331 2662 421 2718 dividi
435 2666 564 2736 possunt,
583 2666 671 2734 prout
689 2663 852 2736 Burdigeiae
868 2664 994 2736 primum
1008 2665 1172 2722 rhetoricen
1183 2669 1209 2722 et

86 2824 93 2831 ·
146 2751 358 2825 grammaticen
376 2752 522 2825 professor
532 2752 660 2822 doceret,
678 2756 825 2827 praeterea
840 2768 907 2809 vero
929 2753 1008 2824 apud
1022 2752 1210 2826 imperatores

145 2841 358 2912 deversnretur,
381 2840 516 2913 denique,
536 2841 567 2897 in
586 2841 712 2914 patriam
732 2858 874 2911 reversus,
897 2842 928 2897 in
950 2843 1010 2899 otio
1029 2848 1210 2902 consumeret

145 2928 243 2987 vitam.

295 3244 320 3296 i.
337 3241 478 3310 Grauius,
491 3228 545 3297 cun
560 3257 663 3298 uosrnn
679 3257 829 3298 ruornssoa
843 3256 937 3308 assur,
953 3257 1038 3298 sorra
1055 3259 1061 3296 :

143 3471 274 3542 Epistola
287 3471 300 3528 1
313 3473 350 3531 ad
359 3477 475 3543 patrem
485 3472 521 3530 de
531 3477 671 3543 suscepto
685 3472 760 3531 tilio.
774 3502 811 3517 -
825 3473 915 3547 (AEtas
927 3473 1058 3546 epistole
1072 3472 1161 3546 huJus
1176 3474 1212 3530 de

176 3560 294 3616 Ausonii
309 3561 366 3618 diei
383 3561 486 3618 natalis
502 3562 621 3634 ejusque
636 3562 733 3619 uxoris
747 3563 850 3619 mortis
865 3579 941 3618 anno
954 3565 1018 3635 jure
1037 3550 1213 3633 deducitur.)

142 3648 293 3708 Perioohae
307 3651 339 3706 in
352 3650 472 3708 Iliadem
482 3663 511 3708 et
529 3649 699 3723 odysseam.
711 3681 746 3695 -
765 3651 849 3717 Quod
863 3651 887 3707 si
901 3652 1028 3708 Ausonio
1051 3651 1109 3708 sint
1123 3653 1215 3709 trihu·

178 3738 270 3807 eadee,
283 3739 341 3796 iilae
356 3741 475 3812 quidem
491 3741 596 3796 eodem
610 3745 743 3814 ternpore
759 3740 955 3797 verisimiliter
970 3758 1005 3798 es
1026 3745 1127 3798 mente
1144 3757 1216 3798 oon·

176 3828 243 3884 ditae
265 3829 395 3898 suerunt,
414 3833 446 3886 ut
461 3826 593 3901 discipuli
608 3833 701 3887 Nostri
719 3830 834 3904 seriptis
853 3830 972 3888 Homeri
995 3830 1215 3904 imbuerentur,

176 3916 230 3972 nisi
244 3919 356 3991 nepoti,
371 3918 409 3975 ad
424 3920 505 3992 eujus
526 3935 611 3976 usum
624 3920 665 3978 ld.
682 3922 719 3979 lv
733 3924 763 3977 et
778 3922 799 3977 V
820 3921 927 3993 scripta
950 3921 1078 3989 suerunt,
1098 3923 1132 3978 ut
1146 3921 1215 3994 Epi·

175 4006 274 4079 tophis
289 4007 517 4068 destinarentur.
