2722 4920
599 385 753 444 ...8-

147 547 285 617 cidentis
308 553 421 636 postea
444 547 603 614 universa
624 553 730 635 partes
749 547 784 614 in
803 565 907 614 unum
933 546 1113 617 coalescere
1132 569 1206 639 pos-

147 671 221 732 sent
234 682 362 752 corpus.

190 778 335 870 Triginta
347 785 458 847 autern
471 778 742 846 anncsluscnius
754 777 943 866 professoris
954 779 1099 847 officium
1110 780 1204 865 obiit,

146 895 334 984 multosque
349 894 465 962 babuit
480 892 667 982 discipulos,
678 914 819 982 quorum
832 894 966 982 quidam
981 895 1022 962 ad
1036 897 1209 966 celebrita-

146 1019 214 1080 tem
227 1017 458 1100 pervenerunt,
475 1009 655 1097 intorques
669 1011 871 1099 Pomponius,
881 1010 1038 1079 Maximus
1051 1013 1207 1082 Hercula-

146 1146 234 1207 mus,
261 1124 310 1215 (ut
334 1126 568 1193 nonnullorum
588 1145 710 1193 nomen
736 1124 886 1217 tradam),
909 1127 1026 1194 sororis
1045 1127 1148 1212 filius,
1176 1137 1209 1199 et

147 1242 281 1310 Pontius
293 1242 454 1331 Meropius
471 1242 638 1322 Paulinus,
656 1240 774 1330 dequo
788 1240 870 1308 intra
886 1240 1032 1309 dicemus
1047 1243 1068 1308 ¹.

192 1358 435 1427 Illustrissimus
465 1378 540 1426 vero
563 1357 697 1426 Ausonii
724 1357 915 1445 discipulus,
943 1357 1112 1426 Gratianus
1144 1360 1210 1428 fuit

146 1472 333 1563 imperator.
356 1474 525 1542 Gratianus
541 1493 666 1541 nonum
691 1472 848 1561 implebat
882 1494 1017 1554 annum,
1048 1494 1125 1541 cum
1148 1479 1210 1546 Va-

145 1589 346 1659 lentinianus
358 1596 461 1678 pater,
476 1588 533 1677 qui
547 1589 657 1677 ipsum
671 1589 857 1675 Augustum
873 1587 943 1675 jam
963 1587 1206 1676 designaverat,

146 1705 281 1773 Ausonii
308 1705 443 1772 scientia
467 1712 500 1771 et
535 1703 621 1770 fama
655 1713 775 1784 motus,
816 1702 1040 1789 burdigalensi
1081 1703 1209 1775 doctori

146 1820 252 1888 filium
272 1819 478 1887 educandum
496 1819 645 1886 credidit.
659 1820 748 1886 Tunc
760 1821 886 1900 Noster,
897 1829 1046 1885 votorum
1056 1840 1205 1910 compos,

146 1936 354 2024 Aquitaniam
370 1935 503 2022 reliquit
516 1943 553 2003 ut
568 1935 772 2004 Trevirorum
788 1936 969 2022 Augustam
985 1933 1099 2002 adiret.

191 2051 337 2120 Civitatis
359 2052 459 2139 hujus
475 2050 624 2119 scholaea
644 2051 739 2118 tertio
756 2051 873 2118 saeculo
893 2051 1039 2138 insignes
1059 2059 1167 2136 erant,
1189 2075 1207 2121 a

146 2188 212 2257 quo
244 2175 390 2257 tempore
413 2167 586 2257 praeclarus
611 2167 646 2233 G.
680 2167 904 2247 Mamertinus,
933 2167 1208 2256 panegyricorum

147 2285 294 2375 scriptor,
312 2292 345 2354 et
360 2283 520 2373 praecipue
535 2282 746 2372 imperatores
768 2282 814 2351 ibi
838 2285 1007 2372 potestatis
1026 2282 1140 2352 sedem
1170 2305 1206 2354 ao

146 2401 349 2471 domicilium
359 2407 547 2491 posuerant.
565 2399 774 2468 Constantius
791 2397 941 2482 Chlorus,
959 2397 1082 2467 ibidem
1097 2421 1208 2468 mora·

147 2524 211 2599 tus,
232 2516 349 2585 urbem
368 2537 498 2585 summa
513 2535 589 2583 cura
604 2515 650 2583 sic
666 2513 880 2584 circumdedit
896 2523 944 2597 ut,
965 2513 1005 2582 ad
1020 2515 1121 2582 finem
1133 2536 1209 2586 ver-

145 2638 245 2722 gente
256 2633 386 2713 saeculo,
399 2632 602 2699 Trevirorum
614 2632 760 2718 Augusta
772 2629 834 2698 alia
849 2632 961 2709 Roma,
975 2631 1206 2717 humanitatis,

146 2747 356 2818 scientiarum
372 2756 405 2817 et
419 2747 538 2815 artium
553 2748 714 2836 templum
733 2747 920 2816 haberetur.
946 2748 1119 2818 Posteriori
1144 2769 1207 2818 sae·

146 2865 231 2947 culo,
249 2864 325 2932 clari
345 2863 416 2953 ejus
435 2883 596 2952 proceres,
623 2862 769 2931 moribus
786 2863 959 2932 exercitata
976 2863 1081 2951 pubes
1103 2872 1206 2952 atque

148 3007 164 3043 u
185 2981 302 3048 aemula
326 2980 434 3049 latinae
447 2979 598 3048 facundia
624 2979 744 3067 linguae
771 3005 788 3040 »
810 2999 885 3046 cum
906 2977 1082 3047 Catonibus
1098 2988 1206 3049 certa·

144 3094 234 3162 bant.
253 3095 387 3178 Scholae,
410 3094 613 3169 auditoribus
637 3094 924 3182 frequentissimae,
954 3115 972 3161 a
995 3093 1206 3183 peritissimis

144 3210 343 3298 regebantur
366 3211 629 3300 preceptoribus.
648 3212 712 3278 Neo
736 3209 857 3278 mirum
887 3209 915 3276 si
937 3229 975 3276 ea
987 3230 1086 3297 quam
1102 3231 1205 3301 supra

144 3325 316 3394 retulimus
331 3327 405 3414 lege
421 3327 591 3395 Gratianus
612 3326 676 3394 illis
691 3325 814 3414 majora
830 3325 1051 3393 emolumenta
1072 3326 1203 3412 tribuit,

144 3461 219 3508 cum
257 3448 388 3510 caeteros
424 3449 458 3509 et
480 3441 615 3510 scientia
639 3448 671 3510 et
695 3441 767 3509 vitae
788 3437 948 3530 probitate
980 3441 1206 3512 verisimiliter

143 3564 344 3646 superarent.
362 3558 519 3627 blumnos
541 3578 628 3639 vero,
653 3558 815 3649 praecipua
830 3557 989 3626 obeuntes
1012 3558 1204 3647 reipublicae

142 3693 291 3756 munera,
305 3673 468 3742 Ausonius
484 3681 718 3743 commemorat
732 3674 756 3742 ².
773 3674 809 3740 ln
825 3673 940 3742 eadem
959 3674 1087 3743 civitate
1120 3694 1204 3745 sane

143 3790 1203 3881 erathccpalatiicollegium,apudSymmachumcelebrc,assuota

172 4005 195 4055 l.
211 4005 276 4077 Gap.
293 4019 329 4056 ru.

171 4086 193 4134 t.
209 4084 298 4149 Idyll„
314 4099 339 4144 x.
355 4087 409 4144 ³83.
425 4087 477 4136 tto.
