2730 4926
527 461 704 522 -25-

52 694 54 697 .
83 622 150 692 diei
168 622 300 711 negotia
319 622 455 693 diversis
470 624 583 694 metris
599 624 825 716 descripserat,
847 624 946 695 hodie
961 629 1102 695 careret!
1127 651 1143 686 n

83 741 192 828 Magni
207 741 425 829 referretque
442 743 579 832 gallicus
604 744 653 812 vir
680 744 787 832 quarti
817 744 941 827 saeculi,
975 745 1145 812 nobilitate

83 879 119 926 ac
135 857 254 926 divitiis
275 859 437 942 eminens,
454 879 512 950 per
532 867 633 927 totam
649 858 737 928 diem
764 869 877 949 ageret
895 860 1084 949 diceretque
1104 860 1144 927 ab

26 1046 28 1050 .
81 977 144 1044 hoc
159 982 242 1044 teste
258 996 467 1064 cognoscere.
483 976 626 1066 Epancis
638 998 710 1065 quae
724 984 904 1065 supersunt
917 976 1012 1045 illum
1028 977 1145 1044 saltem

82 1091 235 1161 audimus
251 1102 365 1181 quarta
384 1092 513 1161 circiter
532 1103 607 1162 ante
623 1093 796 1162 meridiem
818 1095 898 1162 hora
925 1114 942 1162 e
966 1095 1050 1162 lecto
1075 1112 1146 1161 sur·

80 1228 159 1297 gere
174 1207 325 1290 solitum;
340 1217 423 1291 tum,
438 1209 559 1277 forensi
571 1209 685 1277 habitu
699 1209 827 1291 induto,
848 1230 962 1298 preces
978 1212 1044 1278 Deo
1064 1209 1141 1276 fun-

81 1325 175 1408 dere;
192 1334 278 1414 post,
295 1324 393 1394 domo
409 1335 597 1409 exeuntem,
620 1327 733 1394 amicis
753 1347 811 1394 ave
831 1325 956 1407 dicere;
989 1334 1033 1407 et,
1069 1344 1144 1393 cum

81 1443 254 1512 inclinaret
277 1441 318 1511 ad
336 1442 522 1525 meridiem,
544 1443 691 1532 quinque
717 1441 879 1512 advocatis
906 1441 1049 1511 convivis
1066 1440 1145 1509 dare

82 1556 207 1646 epulas.
923 1546 927 1554 ’

492 1697 538 1755 Ν.
555 1698 734 1756 Parentalia.

125 1857 331 1940 Parentalia,
357 1865 455 1947 prout
477 1858 640 1927 Ausonius
664 1859 699 1926 in
715 1879 780 1927 una
796 1866 894 1946 atque
913 1859 1012 1925 altera
1031 1857 1149 1947 prela-

81 1975 170 2042 tione
185 1976 353 2062 legentem
368 1984 492 2054 monet,
507 1975 653 2062 religiosi
673 1983 751 2042 sunt
761 1960 903 2043 honores
919 1973 1039 2072 quihus
1058 1999 1075 2036 «
1093 1992 1148 2040 ca·

80 2111 194 2159 rorum
222 2111 358 2159 suorum
391 2090 499 2159 obitus
527 2091 612 2158 tristi
640 2091 811 2159 effectione
842 2116 858 2151 »
887 2097 1144 2159 commemorat.

82 2205 227 2293 Triginta
247 2206 402 2287 carmina,
423 2205 560 2274 totidem
575 2207 766 2295 parentibus
781 2204 896 2287 dicata,
914 2197 1084 2273 continent
1100 2205 1122 2270 ¹.

127 2321 194 2389 lloc
214 2320 348 2408 quidem
369 2323 578 2410 opusculum,
596 2323 681 2390 siout
695 2330 790 2411 poeta
810 2322 828 2419 l
842 2327 929 2388 tetur
943 2321 1025 2409 ipse,
1047 2349 1063 2382 ι(
1084 2341 1146 2389 nec

81 2437 219 2504 materia
231 2457 397 2504 amoenum
412 2446 474 2520 est,
495 2457 556 2505 nec
572 2435 995 2526 appellationejucundum.
1018 2462 1034 2496 »
1054 2437 1148 2504 Utili-

79 2553 207 2622 litatem
231 2560 341 2622 tamen
360 2553 449 2622 haud
468 2573 600 2643 parvam
619 2555 667 2622 illi
680 2555 773 2622 affert
787 2553 844 2642 qui
859 2551 900 2622 de
922 2554 1028 2622 Nostri
1048 2553 1146 2622 domo

80 2690 117 2739 ac
133 2669 315 2759 gentilitate
328 2671 510 2759 percontari
529 2671 630 2760 cupit.
643 2672 742 2740 Nobis
754 2679 866 2739 autem
879 2691 917 2739 eo
933 2670 1039 2759 magis
1056 2691 1148 2739 com·

80 2785 280 2854 mendabilia
294 2785 457 2868 videntur,
479 2786 758 2876 quodllusonium
774 2787 932 2876 singulari
950 2787 1147 2874 sinceraque

81 2901 237 2971 charitate
252 2922 328 2970 suos
343 2903 530 2991 amplerum
543 2912 716 2972 testantur.
736 2905 831 2971 Plura
859 2902 948 2970 enim
964 2902 1073 2971 animo
1089 2910 1146 2970 tuo

80 3018 213 3086 dulcem
233 3027 361 3085 motum
381 3019 528 3100 aderent,
551 3019 628 3107 quia
643 3026 775 3109 poetam
801 3016 981 3086 domestico
998 3016 1148 3085 amabili-

80 3154 146 3224 que
172 3134 288 3203 inllatu
313 3135 455 3203 ercitum
485 3136 627 3204 senties:
664 3135 752 3223 quod
777 3156 854 3203 sane
885 3134 1029 3202 Ausonio
1056 3133 1147 3202 laudi

80 3251 276 3321 vertendum
295 3272 302 3318 :
319 3251 394 3320 ideo
417 3252 512 3321 nobis
531 3255 736 3343 propositum
760 3253 822 3320 luit
848 3251 998 3341 quaedam
1022 3272 1062 3320 ex
1080 3251 1146 3319 illis

81 3375 227 3444 funereis
241 3376 383 3464 querelis
399 3384 523 3444 notare.

126 3491 290 3580 lnprimiS,
308 3492 346 3558 lll
361 3491 402 3559 de
423 3493 549 3561 Attusia
562 3494 691 3560 Lucane
710 3492 828 3561 Sabine
844 3513 955 3562 uxore.
980 3494 1005 3560 E
1025 3491 1146 3580 quibus

81 3607 188 3676 verbis
202 3606 303 3695 hujus
323 3608 516 3677 memoriam
537 3608 624 3691 colit,
653 3609 747 3677 facile
760 3609 900 3699 perspici
919 3617 1027 3699 potest
1044 3610 1146 3677 Auso-

81 3725 177 3792 nium
200 3743 336 3793 uxorem
354 3745 484 3814 semper
501 3726 536 3793 in
553 3725 677 3794 deliciis
690 3725 857 3795 hahuisse.

188 3865 270 3920 Nunc
284 3863 377 3934 dolor,
389 3868 476 3938 atque
490 3882 598 3934 cruces,
614 3883 666 3922 nec
681 3867 888 3924 contrectabile
902 3868 1025 3934 fulmen,

192 3954 330 4026 Conjugis
345 3959 451 4028 ereptae
467 3971 545 4011 mors
560 3956 752 4012 memoranda
767 3956 849 4012 mihi.

113 4087 137 4134 l.
153 4083 194 4137 Cf.
210 4083 345 4135 Reinhold
358 4084 523 4148 Dezeineris‚
539 4084 701 4136 Oorrectionc
713 4089 737 4136 et
758 4101 907 4153 remarques
928 4087 1013 4138 carle
1034 4089 1102 4138 tecte
1115 4086 1148 4137 dc

81 4165 168 4217 &aare
182 4168 297 4218 autenm.
314 4165 439 4217 nouvelle
453 4165 532 4226 serie,
547 4165 786 4228 Bondeaux.188⁰,
801 4181 830 4231 p.
849 4170 863 4219 8
878 4181 938 4233 sqq.
