2730 4926
589 372 765 435 ..50-

187 539 338 627 Epistola
358 546 498 625 quatuor
516 537 592 618 illae,
619 534 761 625 quadam
791 535 869 603 licet
891 532 1022 602 dicendi
1038 542 1215 602 venustate

143 652 390 734 commendatae,
405 661 517 720 tamen
539 651 638 719 nimis
664 651 824 739 exquisita
848 649 918 717 loca
942 649 1070 736 legenti
1088 657 1214 716 attento

142 769 300 859 praebent.
331 768 510 837 Verborum
541 776 746 849 ornamenta,
772 767 871 853 longe
891 765 1057 848 arcessita,
1083 764 1131 832 sic
1160 763 1216 831 ed·

143 885 247 965 hibet,
255 895 302 967 ut,
310 884 446 964 litteras,
455 884 666 970 chartamque
680 882 882 950 etcalamum
893 900 990 948 causa
999 878 1213 968 designandi,

143 1001 352 1069 concinnatas
378 999 639 1066 translationes«
664 998 777 1067 Cadmi
798 997 936 1085 nigellas
956 997 1052 1078 filias,
1075 997 1213 1064 Melonis

143 1116 250 1185 albam
265 1116 366 1183 liliam
382 1113 581 1202 Gnidiosque
598 1113 701 1182 nodos
719 1141 750 1196 »,
769 1114 873 1181 semel
887 1121 986 1201 atque
996 1112 1121 1180 iterum
1141 1132 1214 1202 pro·

144 1230 210 1298 dat.
227 1232 310 1297 Cum
330 1228 400 1297 dies
416 1236 583 1318 supputat,
613 1249 707 1315 quas,
725 1230 857 1296 Theona
873 1248 940 1295 non
954 1227 1037 1309 viso,
1061 1227 1144 1314 egit,
1163 1249 1215 1297 va·

144 1347 200 1414 riis
212 1345 419 1433 nonagesimi
433 1346 576 1428 numeri,
599 1345 708 1434 griphi
724 1345 826 1413 instar
845 1343 990 1425 ternarii,
1007 1342 1214 1432 exprimendi

144 1462 324 1530 rationibus
337 1462 515 1543 incumbit;
531 1462 625 1543 item,
635 1460 781 1547 triginta,
794 1461 858 1549 ipsi
869 1460 1027 1528 alheone
1038 1458 1155 1541 missa,
1165 1479 1215 1528 os·

144 1586 213 1646 tree
225 1576 319 1645 variis
327 1576 433 1644 modis
453 1576 660 1657 dinumerat;
679 1574 835 1663 denique,
848 1574 889 1642 de
905 1574 1013 1642 aureis
1027 1574 1139 1657 111111,
1158 1573 1215 1643 sed

144 1693 185 1761 de
195 1693 358 1782 plumbeis
370 1690 961 1778 carminibus,rursumal'heoneipsi
973 1689 1214 1773 oblatis,verba

145 1808 324 1876 cavillatur.
350 1808 424 1875 Haec
441 1827 516 1876 vero
538 1807 711 1875 artificiosa
736 1826 891 1874 versuum
914 1812 1093 1888 tormenta,
1116 1806 1213 1894 nugis

145 1923 281 2012 quesita
299 1921 432 2012 ineptiS,
448 1944 465 1990 1
480 1943 566 1991 sana
582 1942 719 2011 poeseos
736 1921 1011 1990 existimatoribus
1025 1929 1214 2012 contempte

145 2048 235 2107 sunt.

188 2157 270 2224 Ante
287 2155 458 2223 materiam
472 2155 563 2223 illam
576 2176 675 2243 quam
689 2154 969 2241 derelinquamus,
979 2152 1088 2221 adbuc
1105 2153 1216 2223 obser·

146 2291 259 2339 vemus
275 2293 347 2359 qua
362 2270 403 2340 de
415 2271 542 2340 furibus
562 2272 747 2360 permultis,
764 2279 831 2339 tota
845 2270 979 2358 regione
1000 2270 1210 2357 vagantibus

145 2387 213 2474 qui,
230 2396 395 2475 postrema
410 2389 576 2469 timentes,
600 2387 743 2477 praedam
760 2409 836 2455 cum
851 2386 1131 2477 persequentibus
1150 2386 1210 2477 ipsi

144 2501 344 2585 dividebant,
357 2505 520 2572 Ausonius
531 2504 630 2572 tradit
644 2527 651 2587 ;
676 2506 738 2572 hoc
753 2511 864 2572 autern
876 2523 952 2570 cum
966 2502 1112 2570 Gratiani
1121 2503 1209 2590 lege,

144 2638 208 2705 qua
225 2644 239 2680 a
252 2619 395 2686 latrones
404 2621 546 2708 quisque
562 2622 669 2712 sciens
686 2620 877 2710 susceperit,
888 2619 938 2688 vel
949 2620 1065 2687 offerre
1076 2618 1215 2706 judiciis

144 2734 377 2822 supersederit,
396 2735 554 2824 supplicio
572 2737 727 2825 corporali
743 2746 797 2805 aut
813 2735 985 2826 dispendio
1000 2736 1211 2819 facultatum,

143 2871 201 2940 pro
217 2851 372 2938 qualitate
385 2871 545 2941 persona,
568 2872 607 2919 11
629 2852 750 2940 ]’1111011
775 2852 990 2920 aestimatione
1005 2852 1047 2919 sit
1065 2853 1217 2942 plecten-

144 2965 218 3050 dus,
239 2968 306 3036 imo
339 2967 481 3036 llammis
502 2968 674 3037 ultricibus
695 2968 966 3050 concremandus
992 2994 1008 3029 »
1040 2968 1217 3058 aptissime

144 3085 307 3171 congruit.

189 3202 228 3265 ln
246 3199 365 3269 iisdem
395 3203 539 3291 epistolis
560 3201 743 3269 Ausonium
763 3202 906 3288 legimus
937 3200 1157 3269 rusticantem
1173 3202 1217 3270 ad

143 3314 235 3382 littus
256 3315 353 3384 maris
378 3316 553 3405 subjuncta
568 3317 667 3384 mulis
678 3318 817 3404 petorita
833 3318 976 3396 mittere,
995 3336 1061 3403 quo
1080 3315 1215 3385 invitati

143 3431 240 3499 amici
255 3431 332 3498 inde
347 3431 388 3498 ad
407 3432 518 3500 villam
533 3432 739 3501 commodius
759 3432 1011 3502 deueherentur.

187 3548 319 3638 Septem
332 3548 476 3638 epistolae
488 3549 529 3616 ad
541 3552 708 3617 rhetorem
720 3550 858 3616 Paulum
877 3549 994 3617 Arium
1006 3547 1215 3634 scribuntur,

143 3684 203 3732 nec
229 3664 397 3732 minusad
423 3666 558 3734 Ausonii
583 3668 695 3748 vitam,
725 3686 803 3733 cum
827 3664 1047 3752 Burdigalam,
1070 3664 1217 3735 111111-

142 3778 229 3862 licta,
256 3801 291 3848 se
324 3781 512 3871 recepisset,
543 3783 676 3870 penitus
708 3779 970 3867 cognoscendam
999 3787 1217 3849 momentum

143 3915 243 3982 quam
270 3896 491 3985 precedentes
522 3898 617 3965 nobis
648 3897 799 3965 afferunt.
823 3896 1043 3975 Quamobrem
1080 3896 1124 3966 de
1150 3898 1218 3970 illis

142 4031 231 4080 nunc
248 4011 407 4105 dispicere
419 4014 502 4082 mihi
518 4015 648 4083 animus
665 4022 726 4082 est.
