2730 4926
589 411 766 477 ..58-

144 577 340 649 uendentem
370 597 456 665 aegre
472 577 570 646 ieras.
590 577 695 656 Quem
709 578 736 647 si
770 577 896 662 audias,
916 579 1105 663 Gratianus,
1139 600 1217 649 oum

144 695 186 763 ad
200 694 396 781 magistrum
411 693 582 782 epistolam
600 694 756 776 misisset,
775 703 901 764 veteres
921 696 1115 765 Homericos
1146 718 1216 765 ora·

144 821 242 892 tores,
259 809 456 892 Menelaum,
470 810 616 897 Ulyssem
629 818 662 878 et
674 812 856 893 Nestorem,
874 831 942 879 non
962 811 1063 880 modo
1080 823 1217 882 senten·

145 926 265 993 riarum
280 924 465 1014 praestantia
490 944 526 993 ao
541 924 672 1012 dicendi
687 926 867 994 subtilitate
885 935 942 993 aut
958 927 1139 1014 elegantia,
1163 948 1216 996 ve-

144 1063 218 1110 rum
231 1041 330 1109 etiam
344 1039 433 1128 regia
454 1040 656 1126 dignatione,
674 1040 849 1129 prudentia
865 1043 1099 1135 sapientiaque
1116 1064 1216 1133 supe·

144 1166 204 1225 rat.
222 1158 334 1244 Agens
349 1177 424 1224 vero
442 1157 658 1245 semetipsum
673 1178 749 1225 oum
780 1158 852 1226 aliis
875 1158 1108 1245 Augustorum
1131 1181 1217 1250 prae-

145 1272 329 1361 oeptoribus
356 1272 492 1354 confert,
523 1281 556 1339 et
570 1272 598 1340 si
612 1272 747 1359 quidem
763 1292 797 1339 se
824 1273 859 1341 in
877 1273 1047 1362 fastigium
1064 1274 1214 1360 Seneoae,

143 1387 386 1470 Quintilianive,
414 1396 470 1455 aut
498 1389 671 1457 Frontonis
686 1389 789 1456 attolli
806 1388 947 1471 dubitet,
967 1398 1084 1458 tamen
1100 1391 1215 1481 ipsum

144 1502 347 1572 Constantini
356 1512 542 1592 temporum
552 1503 685 1591 collegis
695 1502 964 1593 anteponendum
974 1504 1113 1587 latetur3
1132 1507 1215 1594 quin

144 1620 256 1703 etiam,
273 1619 363 1708 quod
377 1639 492 1687 omnes
513 1618 681 1708 dignitatis
696 1621 825 1707 fulgore
841 1619 942 1687 vineit
962 1620 1127 1709 superbus
1144 1622 1215 1710 glo-

143 1736 257 1805 riatur.
277 1736 350 1803 llaeo
377 1735 586 1823 paucissima,
606 1735 693 1803 inter
718 1736 895 1825 permulta,
919 1735 1086 1804 sufficiant
1102 1757 1215 1805 enem-

145 1853 210 1941 pla,
224 1860 262 1918 ut
277 1850 506 1919 assentatorias
519 1871 613 1919 voees
623 1851 790 1939 animique
803 1851 1013 1920 insolentiam
1024 1851 1215 1941 illamqua

143 1967 282 2036 labantis
296 1975 394 2056 atque
409 1967 572 2035 inelinatae
592 1967 694 2035 aetatis
721 1966 810 2035 haud
828 1966 968 2036 dubium
987 1967 1051 2035 tibi
1062 1968 1215 2057 praebent

144 2084 290 2171 signum,
306 2081 486 2171 indignans
510 2083 683 2173 despicias.

188 2201 272 2267 Cum
301 2199 445 2267 materiae
473 2199 584 2288 inopia
608 2208 642 2267 et
661 2207 792 2268 tumore
811 2200 991 2268 verborum
1012 2202 1216 2270 oonoertatio

145 2314 190 2383 ita
205 2314 393 2404 respondet,
410 2322 448 2382 ut
462 2315 641 2402 gratiarum
658 2316 753 2398 aetio,
779 2314 947 2385 interdum
968 2315 1104 2402 elegans
1119 2324 1153 2385 et
1161 2338 1218 2386 ve·

143 2442 252 2517 nusta,
268 2435 387 2524 sapius
403 2454 478 2503 vero
495 2433 640 2502 studiose
655 2433 810 2502 arcessita
833 2440 866 2502 et
885 2432 1088 2516 redundans,
1107 2433 1144 2502 in
1163 2456 1217 2503 os·

143 2552 359 2619 tentationem
387 2550 565 2639 composita
581 2549 741 2619 videatur.
762 2551 856 2617 Nune
871 2549 1005 2644 inanem
1021 2568 1143 2618 vooum
1163 2572 1217 2620 se·

144 2665 252 2734 nitum
270 2664 576 2754 sententiarumque
589 2665 752 2734 ambitum
772 2665 806 2735 in
832 2665 940 2754 longis
967 2664 1113 2754 periodis
1134 2689 1217 2757 prae-

144 2782 239 2871 oipue
254 2781 549 2871 lioetpersorutari,
571 2803 643 2870 quae
660 2781 836 2878 verborum
870 2801 888 2850 e
918 2780 1137 2870 grandiloquo
1159 2802 1217 2850 ore

143 2898 323 2966 effusorum
339 2898 430 2989 eopia
442 2897 641 2980 redundant,
659 2904 693 2966 et
713 2898 910 2986 plerumque
936 2903 1064 2965 tantum
1083 2897 1120 2965 in
1150 2899 1218 2986 syl·

142 3014 290 3085 labarum
327 3013 489 3104 parilitate
516 3013 578 3082 sihi
603 3013 879 3103 respondentium
907 3013 1105 3081 consistunt.
1139 3014 1216 3083 llaeo

142 3149 245 3219 pauoa
273 3136 385 3197 notare
415 3130 495 3197 mihi
520 3130 642 3198 lioeat:
676 3157 692 3192 «
781 3129 839 3198 sed
865 3148 1107 3218 usquequaque
1141 3150 1217 3218 gra-

146 3247 204 3314 tias
225 3266 298 3333 ago,
325 3253 397 3313 tum
417 3254 539 3330 taeenS,
569 3253 640 3314 tum
658 3245 813 3334 loquens,
848 3253 921 3314 tum
947 3246 982 3313 in
1001 3251 1091 3313 eoetu-
1105 3245 1219 3314 homi-

144 3385 238 3447 num,
257 3372 328 3432 tum
348 3363 578 3453 ipsemecum,
595 3370 628 3432 et
654 3384 730 3432 oum
746 3381 823 3432 vooe
841 3362 946 3451 patui,
964 3370 998 3429 et
1013 3381 1090 3429 oum
1108 3362 1220 3432 medi·

145 3482 267 3551 tatione
292 3481 425 3564 secessi,
453 3482 543 3550 omni
569 3483 653 3564 loeo,
686 3489 773 3564 autu,
805 3480 920 3548 habitu
943 3469 987 3548 et'
1007 3487 1176 3569 tempore;
1198 3508 1216 3544 »

145 3606 221 3682 et,‹
251 3618 344 3688 spem
364 3618 512 3687 superas,
542 3597 704 3687 cupienda
724 3595 897 3687 prevenis,
923 3604 996 3665 vota
1015 3599 1191 3685 praecurris
1208 3619 1216 3666 :

145 3735 284 3804 quaque
300 3714 401 3781 animi
416 3714 519 3782 nostri
535 3714 683 3782 eeleritas
700 3714 819 3783 Divum
834 3713 938 3780 instar
952 3713 1093 3794 allectat,
1111 3712 1221 3784 beno·

144 3831 225 3899 fioiis
249 3830 471 3920 praeeuntihus
485 3831 690 3900 anteceditur
704 3838 877 3920 :praestare
888 3829 948 3898 tibi
961 3837 1022 3912 est,
1038 3849 1141 3917 quam
1158 3853 1220 3901 no-

143 3947 194 4016 his
208 3954 318 4036 optare
334 3948 489 4016 velooius.
507 3972 523 4008 »
542 3948 637 4016 Diras
653 3946 801 4036 alioquin
817 3946 1000 4014 Ausonium
1016 3945 1129 4035 ipsum
1147 3955 1220 4017 tur-

147 4064 215 4152 gidi
231 4063 463 4153 artifieiosique
478 4063 578 4152 hujus
594 4063 756 4133 sermonis
772 4063 941 4153 puduisse,
954 4082 1099 4150 namque
1114 4083 1221 4155 super
