2730 4926
607 380 784 443 ..30-

207 549 406 616 Tetrasticha
421 567 536 614 omnes
552 547 661 613 Rome
684 547 896 635 imperatores
913 547 1029 614 alulio
1045 548 1175 617 Caesare
1191 547 1233 615 ad

161 663 362 730 Antoninum
379 662 626 749 Heliogabalum
641 672 836 730 memorant.
854 663 1018 732 Ausonius
1053 664 1177 732 seriem
1191 664 1232 731 ad

161 786 309 866 tempora
323 798 381 845 sua
396 777 611 867 perduxerat;
633 777 759 865 reliqua
779 799 853 846 vero
867 778 1107 846 desiderantur.
1134 780 1182 846 Ex
1197 801 1231 846 o·

161 913 238 980 pere
264 894 319 960 illo
342 893 518 981 quamdam
548 894 779 980 cogitationem
809 893 850 961 de
877 894 980 976 fastis,
1010 915 1083 982 quae
1110 895 1232 962 Noster

163 1009 336 1097 scripserat
349 1017 381 1077 et
394 1009 542 1098 quaejam
560 1019 775 1092 evanuerunt,
793 1011 915 1078 habere
930 1011 1017 1079 licet.

453 1296 530 1352 vill.
548 1295 623 1352 ordo
642 1295 785 1354 nobilium
798 1296 925 1353 urbium.

203 1521 298 1588 Hisce
316 1520 480 1609 opusculis
493 1519 582 1587 Ordo
595 1519 757 1586 nobilium
776 1519 911 1586 urbium
926 1521 1030 1587 multo
1046 1521 1225 1590 notabilior

159 1636 315 1704 succedit.
347 1639 396 1732 ln
413 1636 468 1703 illo
497 1636 671 1716 Ausonius,
697 1637 836 1723 quasin
866 1635 1090 1703 descrihendis
1119 1638 1222 1705 rebus

159 1751 242 1818 solet
261 1751 444 1832 ostendere,
466 1760 498 1818 et
523 1771 603 1838 quas
622 1751 656 1816 in
676 1750 814 1817 Mosella
830 1771 961 1819 rursum
978 1752 1218 1837 adscribamus,

157 1866 250 1935 dotes
277 1867 419 1948 exhibet,
445 1886 564 1955 nempe
586 1866 715 1934 dicendi
745 1867 1011 1954 amabilitatem,
1041 1868 1220 1936 verborum

157 1982 423 2062 concinnitatem,
440 1982 672 2068 insignemque
688 1982 846 2070 pingendi
861 1983 1060 2051 facultatem.
1076 1985 1219 2052 Carmen

154 2097 304 2186 inprimis
326 2097 367 2166 de
392 2096 565 2184 Burdigala
583 2098 686 2186 patria
711 2097 862 2166 dictionis
889 2100 1022 2188 poetice
1040 2099 1218 2170 dulcedine

154 2234 432 2302 numerorumque
445 2214 602 2281 suavitate
618 2213 757 2280 maxime
773 2214 966 2282 illustratur.

196 2331 321 2398 Titulus
347 2331 449 2399 libelli
476 2328 563 2396 Ordo
579 2328 715 2396 orbium
736 2329 815 2397 huie
838 2330 1038 2419 aptissimus.
1059 2359 1075 2393 κ
1093 2332 1219 2401 Revera

153 2447 253 2528 enim,
281 2455 378 2534 prout
410 2446 536 2513 felicius
562 2445 780 2532 dijudicavcre
807 2446 988 2514 acutissimi
1016 2446 1075 2514 viri
1102 2466 1218 2516 rerum

151 2562 374 2641 estimatores,
393 2560 540 2628 ordinem
553 2561 716 2628 Ausonius
729 2561 872 2628 instituit
886 2562 1031 2643 urbium,
1051 2571 1150 2650 atque
1162 2584 1218 2632 eas

152 2695 218 2742 non
238 2685 387 2744 recenset
401 2677 520 2757 solum,
539 2675 596 2742 sed
616 2684 648 2743 et
669 2697 726 2765 pro
747 2676 905 2764 dignitate
933 2678 1093 2766 cujusque
1115 2679 1216 2747 collo-

151 2800 213 2858 cat.
244 2817 260 2852 »
288 2792 447 2878 Namque,
465 2798 638 2879 postquam
663 2791 808 2879 primum
828 2793 937 2859 Romae
952 2794 1062 2860 locum
1084 2793 1215 2877 tribuit,

149 2915 245 2996 poeta
271 2927 415 2992 quonam
439 2903 553 2972 ordine
578 2905 647 2972 aliae
673 2906 770 2975 urbes
791 2916 980 2975 mereantur
1003 2910 1218 2977 annumerari

149 3030 285 3090 conatur
300 3021 436 3090 definire
455 3032 462 3089 i
482 3021 555 3089 ideo
573 3023 869 3113 Constantinopolis
886 3032 918 3091 ct
935 3025 1095 3111 Carthago
1109 3024 1217 3094 ambae

149 3115 344 3220 secundum,
366 3139 445 3206 item
470 3138 640 3205 Antiochia
659 3147 692 3206 et
710 3139 902 3206 Alexandria
914 3141 1046 3207 tertium
1063 3140 1220 3210 obtinent

146 3254 270 3322 locum.
288 3253 397 3335 infra,
429 3255 572 3343 Capuam
598 3253 637 3320 ad
658 3264 808 3323 octavum
823 3254 939 3342 rejicit,
958 3256 1216 3344 Aquileiamque

147 3371 235 3437 canit
261 3391 395 3436 nonam.
422 3371 465 3436 Er
486 3372 547 3437 hoc
568 3370 693 3453 ordine,
715 3380 782 3437 tam
806 3372 957 3459 religiosa
978 3393 1054 3439 cura
1069 3383 1214 3458 servate,

146 3484 251 3552 multa
264 3485 419 3573 gravioris
439 3487 602 3552 momenti
623 3484 663 3553 ad
681 3487 872 3554 historicam
892 3489 1216 3578 geographicamque

144 3601 234 3669 illius
250 3601 360 3669 saeculi
374 3601 554 3669 doctrinam
571 3602 768 3671 documenta
783 3605 974 3672 afferuntur.
991 3605 1154 3674 Nonnulla
1171 3606 1215 3676 de

144 3717 281 3785 urbibus
304 3718 427 3806 gallicis
453 3718 661 3787 dinumerare
685 3719 725 3787 ad
749 3721 938 3789 institutum
963 3730 1114 3790 nostrum
1136 3744 1215 3812 pro-

143 3833 216 3922 pius
229 3835 381 3921 pertinet.

187 3951 390 4019 Trevirorum
398 3952 578 4038 Augustam
588 3951 827 4038 (IV)Ausonius
838 3953 1097 4042 sertamimperii
1106 3955 1212 4025 totius

143 4065 259 4134 urbem
279 4066 528 4155 nobilitetque
540 4067 692 4136 maximis
712 4077 746 4136 et
759 4069 985 4157 perveteribus
1005 4069 1208 4156 civitatibus
