2730 4926
536 391 711 456 ..45-

92 563 128 630 in
150 561 218 644 illa,
233 560 275 629 de
294 559 464 641 membris,
488 557 528 626 de
546 558 750 640 inconnexis,
780 557 821 626 de
841 557 915 640 diis,
934 557 976 626 de
996 559 1089 643 cibis,
1112 559 1153 629 de

88 677 266 760 historicis,
294 675 335 744 de
357 695 429 743 vere
447 675 567 763 primo,
589 695 648 762 per
663 674 956 761 interrogationem
973 683 1006 743 et
1020 695 1156 766 respon-

91 795 234 876 sionem,
248 792 290 861 de
315 791 432 860 litteris
452 790 685 878 monosyllabis
706 790 820 878 graecis
844 811 880 858 ao
894 791 1016 874 latinis,
1033 793 1151 880 agitur.

92 910 297 1000 Opuseulum
326 907 470 976 carmine
504 905 648 994 quodam
681 905 769 994 quod
804 907 1156 977 Grammaticomostic

90 1026 294 1108 inscribitur,
319 1024 525 1092 terminatur.

136 1141 301 1210 Ausonius
315 1151 354 1208 'ex
368 1140 458 1207 bisce
474 1137 584 1225 nugis,
602 1137 770 1224 inquibus
789 1138 1027 1206 sententiarum
1045 1140 1155 1228 lepore

92 1278 130 1327 ac
149 1257 324 1326 festivitate
345 1276 411 1323 non
427 1253 637 1342 asperitatem
653 1273 868 1321 numerorum
888 1253 1020 1322 condire
1035 1256 1153 1344 potuit,

93 1372 157 1442 sibi
180 1392 247 1439 non
266 1379 404 1439 tenuem
419 1369 558 1457 gloriam
587 1388 658 1435 esse
674 1367 872 1435 atterendam
892 1368 981 1437 haud
1000 1371 1102 1438 semel
1121 1373 1156 1439 in

90 1488 195 1558 libelli
213 1486 431 1555 ditationibus
447 1484 603 1574 speravit3
622 1483 683 1551 sibi
704 1504 777 1551 tero
797 1484 949 1571 glorianti
963 1485 1100 1553 nimiam
1119 1487 1156 1555 fi-

25 1616 28 1621 ·
92 1602 175 1672 dem
186 1603 262 1691 jure
281 1622 348 1669 non
369 1600 531 1682 adhibuit,
552 1620 628 1667 cum
648 1599 718 1687 ipse
738 1600 918 1667 exclamet:
955 1627 971 1662 «
993 1600 1017 1668 0
1043 1606 1149 1671 mora!

91 1729 157 1787 eto
175 1721 286 1809 prena!
306 1743 337 1800 a,
356 1736 535 1784 acrursus:
560 1714 634 1781 «Ad
647 1735 824 1797 summam,
842 1736 908 1783 non
925 1717 1076 1804 estquod
1093 1719 1154 1785 mi-

91 1834 173 1903 reris
186 1857 194 1916 ;
209 1833 278 1915 sed,
305 1833 416 1921 paucis
435 1831 552 1899 litteris
579 1829 710 1912 additis,
735 1839 785 1898 est
800 1831 893 1919 cujus
910 1832 1111 1901 miserearis!
1135 1861 1152 1896 »

92 1952 174 2017 Cum
189 1949 258 2017 baec
271 1948 396 2016 insulsa
409 1955 441 2015 et
455 1947 579 2014 nullius
604 1946 730 2034 ingenii
748 1947 819 2035 ipse
834 1946 1007 2036 judicaret,
1041 1970 1077 2016 ec
1095 1971 1154 2039 per

90 2066 266 2136 verborum
298 2071 461 2132 tormenta
497 2062 640 2130 liberum
673 2071 775 2150 poetae
801 2063 953 2152 spiritum
974 2064 1066 2132 lu'ndi
1087 2087 1154 2133 non

89 2200 200 2270 posse,
220 2181 285 2247 huo
300 2190 366 2247 nen
381 2177 548 2246 debuisset
563 2175 774 2246 descendere.

136 2295 218 2363 Huic
237 2294 438 2363 ludicrorum
455 2293 639 2362 carminum
653 2295 765 2380 generi
786 2294 944 2362 Publilius
958 2294 1149 2383 Optatianus

91 2412 302 2501 Porphyrius
332 2410 539 2479 Constantini
558 2410 617 2477 aevi
639 2416 745 2497 poeta,
769 2408 839 2496 jam
872 2430 907 2478 se
927 2409 1072 2494 dederat,
1091 2415 1148 2501 qui

92 2527 252 2615 singulari
271 2535 303 2594 et
328 2526 513 2594 miserrima
527 2524 683 2613 patientia
705 2545 817 2593 versus
832 2525 866 2592 in
896 2547 957 2594 arae
973 2536 1030 2594 eut
1048 2529 1154 2616 syrin-

92 2643 144 2731 gis
160 2643 298 2710 formam
318 2641 519 2710 condiderat.
535 2641 587 2708 Sic
602 2641 636 2706 in
652 2641 754 2729 illiuS,
772 2651 808 2709 ut
839 2642 873 2708 in
892 2644 1070 2712 Ausoniani
1090 2666 1152 2713 nu-

92 2759 157 2847 gis,
173 2759 257 2827 nihil
271 2760 351 2827 recti
369 2757 495 2847 ingenii
515 2756 714 2846 spiritusque
730 2757 847 2846 poetici
862 2758 960 2826 inest.

137 2873 365 2943 Tredecimum
387 2876 491 2942 Cento
507 2871 682 2963 rcaptiolr‘e.
701 2901 718 2936 «
735 2875 897 2941 Centones
912 2874 1018 2941 vocari
1032 2876 1150 2959 solent,

91 2991 138 3059 ait
152 2989 308 3074 Isidorus,
330 2990 387 3079 qui
406 2989 446 3057 de
463 2988 663 3057 carminibus
679 2989 810 3056 Homeri
820 2989 870 3056 vel
884 2989 1009 3077 Virgilii
1025 2989 1065 3057 ad
1079 3012 1154 3080 pro-

89 3106 161 3197 pria
180 3127 288 3195 opera,
305 3127 397 3174 more
417 3105 641 3187 centonnario,
657 3125 694 3172 eu
708 3105 822 3172 multis
837 3105 915 3172 hinc
930 3104 1007 3174 inde
1023 3126 1154 3195 compo-

91 3220 163 3290 sitis
181 3222 217 3289 in
245 3243 351 3290 unum
375 3221 560 3290 sarciuntur
582 3240 711 3309 eorpus,
729 3219 771 3287 ed
789 3220 977 3289 facultatem
993 3222 1154 3309 cujusque

90 3337 248 3406 materiae.
267 3364 284 3400 »
311 3338 416 3406 Solius
440 3336 606 3405 memoria
633 3335 805 3422 negotium
818 3357 928 3424 sparsa
943 3337 1106 3424 colligere,
1123 3345 1156 3405 et

90 3453 256 3542 integrare
268 3454 399 3522 lacerta.
420 3454 486 3521 Hoc
501 3451 824 3540 igitureVirgilicnis
840 3452 1046 3535 centonibus
1057 3454 1154 3521 «sine

89 3569 218 3656 ingenii
230 3570 392 3652 acumine,
408 3577 441 3636 et
455 3589 553 3635 morae
565 3567 795 3650 maturitate»,
813 3569 976 3636 Ausonius
988 3567 1151 3637 conflarit.

90 3683 223 3751 Utinam
246 3684 398 3752 frivolum
413 3693 446 3752 et
464 3659 588 3751 nullius
612 3684 705 3772 pretii
730 3684 925 3772 opusculum
940 3684 1017 3753 satis
1044 3683 1154 3752 dunis-

90 3807 153 3883 set,
175 3821 236 3868 nec
262 3802 405 3868 materiae
432 3800 631 3868 obscenitate
655 3798 735 3867 adeo
759 3798 919 3888 pudorem
949 3799 1150 3882 offendisset,

91 3924 141 3998 ut,
158 3914 241 3984 illud
256 3936 388 3984 carmen
415 3915 574 3995 scribens,
593 3916 808 4002 semetipsum
828 3925 916 3986 extra
932 3936 1066 3983 omnem
1085 3917 1148 3984 cul·

91 4048 168 4122 pem
194 4052 316 4122 ponere
334 4052 402 4100 non
426 4031 529 4100 semel
557 4039 779 4119 opportunum
789 4030 956 4118 judicarit,
978 4051 1014 4099 ac
1034 4029 1151 4119 saepius
