2730 4926
584 413 784 482 -106-

195 577 257 660 Qui
272 579 322 649 vel
345 600 404 671 per
422 587 636 652 transennam
662 583 725 652 hoe
750 580 903 672 idyllium
922 583 1225 675 Ephemeridisque

150 693 331 763 orationem
345 696 497 786 perlegit,
520 697 590 766 hae
615 696 680 766 duo
696 698 853 787 opuscula
874 697 961 767 inter
978 718 1014 767 sc
1034 699 1224 772 arctissimo

151 810 355 899 cognationis
387 811 531 900 quodam
551 811 682 882 vinculo
710 812 896 902 conjuncta,
917 821 1015 902 atque
1044 814 1224 886 abeodem

152 916 283 995 auctore
302 925 389 995 edita
419 928 529 996 statim
560 927 732 1018 comperit.
759 928 890 997 Eadem
910 929 1000 997 enim
1033 929 1103 999 fere
1125 952 1223 1002 voces

151 1050 208 1111 aut
226 1044 398 1112 sententia
418 1045 452 1112 10
469 1044 532 1112 0110
552 1052 650 1133 atque
671 1045 705 1112 in
726 1045 828 1114 altero
842 1046 888 1113 ita
901 1045 1101 1129 funduntur,
1118 1055 1158 1117 ut
1181 1048 1222 1117 ah

149 1178 215 1226 una
230 1179 332 1227 manu
338 1158 500 1249 proficisci
508 1160 826 1251 tantumpotuerInt.
844 1160 975 1243 Confer,
993 1161 1083 1231 verbi
1099 1162 1230 1250 gratia,

149 1293 201 1341 11.
216 1275 330 1342 Pasch.
344 1277 374 1356 1,
388 1276 420 1357 1,
440 1278 492 1357 12,
507 1278 560 1357 11,
573 1277 625 1357 16,
646 1273 1221 1366 26,21,31,000011011.0001.11.

149 1388 204 1469 21,
225 1389 280 1470 38,
298 1391 353 1469 36,
371 1391 425 1471 33,
444 1392 476 1472 3,
495 1393 550 1472 18,
571 1391 624 1471 16,
640 1393 694 1458 88.
709 1390 793 1457 Cum
809 1390 911 1479 igitur
928 1390 969 1458 ab
988 1391 1136 1460 Ausonio
1153 1411 1224 1461 ora-

147 1501 273 1570 tionem
293 1502 449 1593 scriptam
460 1502 808 1586 demonstraverimus,
820 1524 955 1573 necesse
966 1512 1017 1573 est
1029 1513 1068 1573 01
1082 1526 1221 1594 quoque

149 1618 321 1687 Paschales
352 1639 464 1688 versus
485 1619 539 1688 ille
573 1618 726 1688 ediderit.
753 1618 844 1689 Idem
863 1618 904 1690 de
921 1640 956 1688 re
972 1621 1108 1689 metrica
1128 1621 1222 1691 haud

150 1754 236 1821 egre
256 1734 408 1822 sequitur
435 1755 443 1802 :
469 1734 540 1804 vide
556 1755 608 1804 11.
623 1738 679 1817 23,
708 1737 764 1817 23,
789 1739 827 1802 11
856 1735 981 1826 (versus
1005 1735 1220 1827 spondaicoS,

147 1847 283 1918 brevem
315 1849 475 1938 syllabam
520 1851 713 1920 consonanti
742 1849 953 1919 terminatam
986 1851 1020 1919 in
1060 1851 1128 1921 arsi
1161 1873 1221 1942 pro

148 1964 272 2055 longa).

191 2216 586 2286 3.110010.-1100010
615 2215 767 2285 editionis
798 2216 989 2308 appendice,
1019 2224 1057 2285 01
1083 2219 1223 2288 000011

145 2333 289 2402 Ausonio
313 2331 464 2415 condita,
486 2333 662 2402 aSchenkI
686 2338 855 2423 ponuntur
880 2337 925 2424 (p.
952 2333 1047 2422 213).
1069 2334 1141 2403 Etsi
1158 2356 1221 2405 nos

146 2448 402 2518 controversiam
430 2448 615 2518 dirimendo
638 2449 782 2539 impares
812 2449 966 2532 fatemur,
1005 2456 1118 2520 tamen
1151 2453 1223 2521 haee

146 2563 261 2633 sedulo
277 2563 497 2634 indicabimus
515 2586 523 2633 :

190 2680 353 2748 Nonnulla
374 2682 539 2748 Rosorom
563 2680 672 2764 verba,
693 2681 823 2771 propria
841 2679 989 2764 Ausonii,
1005 2679 1095 2749 haud
1109 2683 1219 2753 semel

143 2795 313 2884 leguntur,
345 2796 435 2864 verbi
451 2796 584 2884 gratia:
612 2796 743 2880 aestifer,
772 2816 803 2866 1.
826 2799 859 2879 1,
880 2796 983 2886 Epist.
1011 2797 1106 2880 XXV,
1133 2802 1213 2869 100.

146 2951 188 2963 -
207 2911 403 3001 Xndcipare,
430 2912 568 3001 Ephem.
601 2919 682 2986 oret.
703 2915 755 2994 13,
787 2951 830 2963 -
846 2910 1005 3000 quadrua,
1028 2932 1059 2980 v.
1078 2915 1110 2995 5,
1129 2913 1220 2984 0010

145 3027 224 3095 noh.
247 3027 321 3095 urb.
344 3027 427 3111 XIV,
448 3030 500 3096 12.
523 3067 565 3079 -
584 3030 755 3116 vegetare,
772 3047 805 3096 1.
820 3028 853 3110 6,
874 3029 958 3117 Eph.
981 3017 1077 3110 orat,
1097 3029 1155 3097 16.
1175 3069 1219 3081 -

145 3141 302 3225 Rutilare,
320 3163 350 3211 1.
377 3145 432 3224 33,
455 3145 527 3212 Per.
543 3143 577 3212 in
592 3142 723 3232 Odyss,
745 3142 829 3226 VIII,
853 3145 886 3225 2,
905 3142 1000 3225 XVII,
1017 3146 1049 3211 2.
1068 3181 1111 3194 --
1123 3135 1221 3220 unti-

41 3346 45 3351 ,
143 3258 209 3340 100,
232 3259 431 3348 13311010.
450 3268 531 3327 orat.
552 3263 604 3328 12.

191 3377 329 3456 Iterum,
350 3395 447 3461 grave
472 3395 489 3444 e
511 3395 546 3444 re
574 3375 710 3444 metrica
726 3373 852 3464 capitur
867 3381 1117 3461 argumentum,
1137 3396 1220 3447 cum

145 3489 251 3560 exitus
266 3510 392 3573 versus,
411 3492 460 3560 vel
481 3491 755 3580 quadrisyllabus,
778 3511 808 3559 1.
832 3494 885 3573 11,
899 3491 951 3560 101
967 3489 1221 3580 quinquesylla-

144 3605 219 3688 bue,
238 3624 268 3673 1.
293 3608 329 3688 3;
352 3645 395 3657 -
417 3613 473 3674 001
488 3607 579 3675 eIIsio
598 3607 633 3674 in
663 3606 778 3695 quinto
797 3605 893 3697 pede,
914 3626 963 3674 vv.
988 3607 1019 3680 6,
1038 3606 1094 3688 21,
1115 3606 1153 3674 10
1171 3609 1221 3677 uI·

144 3721 238 3803 timo,
259 3743 290 3791 1.
308 3725 368 3804 22;
390 3760 433 3773 -
453 3730 510 3790 001
531 3743 653 3792 caesura
668 3744 735 3791 non
755 3728 904 3791 servetur
930 3743 981 3792 11.
1009 3723 1063 3803 11,
1081 3725 1138 3807 21,
1158 3728 1219 3809 28,

144 3839 202 3920 31;
221 3838 379 3925 -411036,
398 3857 428 3907 1.
450 3841 505 3921 13,
523 3837 570 3906 Id.
595 3840 653 3921 XI,
670 3841 729 3920 103
744 3838 856 3927 Epigr.
882 3839 1027 3919 61,161,
1047 3840 1124 3921 106,
1152 3843 1219 3910 106

144 3951 286 4040 legatur.
304 3954 381 4033 Qum
397 3961 508 4022 autem
524 3953 635 4022 omnia
657 3974 734 4023 cum
755 3951 900 4021 metricis
912 3951 1047 4021 Ausonii
1062 3953 1219 4025 moribus

145 4068 313 4159 aptissime
329 4076 527 4160 congruunt.
