2730 4926
663 399 816 459 „fi-

207 566 307 656 hujus
328 564 406 632 artis
422 569 455 632 et
478 561 592 650 logice
612 560 821 629 commendat
840 561 999 631 studium.
1025 565 1110 633 Cura
1130 566 1277 637 maxima

209 701 322 772 aspero
338 689 435 768 atque
446 678 615 747 inamabili
630 678 836 767 etymologiae
852 680 955 748 labori
971 681 1137 749 vacabant.

255 793 1277 883 Censuraautem,apudgraecosauctores,Homerum,lllenan-

212 912 308 981 drum
329 923 361 981 et
378 913 635 981 Demosthenem
651 919 792 980 scrutata
803 919 868 991 est;
884 912 971 1002 apud
983 913 1100 982 latinos
1116 915 1278 1004 vero,pri·

212 1050 305 1097 mum
314 1038 440 1098 veteres
453 1037 577 1117 poetas,
588 1028 911 1111 Naevium,Ennium,
920 1029 1109 1111 Pacuvium,
1120 1030 1211 1118 (inde
1224 1051 1276 1099 ar·

211 1143 503 1214 chatsmistudium
517 1144 629 1226 evasit,
649 1144 737 1231 quod
760 1145 794 1212 in
810 1145 917 1232 quarti
935 1146 1045 1214 seculi
1061 1146 1276 1236 scriptoribus

212 1260 1276 1352 eminet,atqueiuD.ll.husonioinlranotabimus¹,ldein,eosqui

210 1377 340 1467 proprio
355 1377 483 1464 fulgore
510 1383 733 1445 antecessores
750 1375 893 1444 tenebris
917 1377 1135 1458 involverunt,
1156 1380 1277 1447 Lucre-

210 1493 308 1575 tium,
338 1494 520 1576 Horatium,
546 1493 718 1581 Virgilium
742 1493 895 1561 manime.
921 1496 958 1562 ln
985 1493 1157 1582 Virgilium
1183 1497 1277 1563 enim

210 1618 312 1678 totam
335 1619 530 1678 convertunt
556 1630 688 1698 operam
722 1608 822 1697 hujus
856 1609 960 1677 aetatis
984 1630 1147 1679 censores.
1174 1611 1277 1680 Profi-

106 1735 120 1762 ·
211 1733 323 1794 tentur
349 1735 459 1793 autem
490 1726 683 1813 interpretes
711 1723 875 1813 quomodo
902 1727 937 1792 P.
956 1725 1043 1795 ltlaro
1068 1726 1277 1817 philosophia

97 1903 99 1909 .
211 1848 361 1931 poemata
397 1840 573 1921 imbuerit,
617 1839 777 1928 quidquid
814 1839 961 1909 sideralis
994 1842 1136 1910 scientiae
1177 1842 1276 1911 colle-

214 1957 311 2045 gerit,
344 1977 416 2044 qua
447 1957 652 2044 usurpaverit
689 1976 706 2024 e
740 1955 878 2038 Graecis,
920 1976 985 2043 qua
1025 1957 1166 2056 mirabili
1205 1966 1275 2027 arte

213 2073 254 2140 ab
264 2072 535 2140 Homero'aurum
546 2071 700 2161 rapuerit,
723 2092 786 2158 qua
802 2071 912 2139 solerti
927 2072 1088 2142 industria
1106 2074 1210 2143 aliena
1226 2075 1242 2142 f
1261 2113 1274 2125 -

212 2187 292 2256 oerit
310 2187 451 2276 propria,
482 2187 646 2276 quomodo
671 2187 721 2255 vel
743 2185 816 2254 rudi
845 2196 878 2254 et
902 2187 1026 2256 inculto
1050 2190 1154 2257 Ennio
1174 2189 1275 2259 fuerit

212 2323 304 2372 usus.
331 2304 425 2372 llunc
446 2305 488 2372 Μ.
513 2305 615 2373 Tullio
631 2303 693 2393 ipsi
709 2303 963 2392 anteponebant,
996 2305 1096 2393 quod,
1130 2326 1277 2376 commo·

211 2419 308 2490 vendi
335 2421 462 2490 animos
491 2421 626 2490 scientia
653 2421 723 2508 jam
756 2419 929 2503 excellens,
960 2421 1027 2490 imo
1063 2423 1197 2491 latentia
1226 2422 1276 2492 di·

211 2536 306 2604 cendi
328 2535 463 2603 artificia
478 2536 743 2625 comparavisset.
780 2532 782 2539 ’
838 2551 840 2557 ·

254 2650 345 2720 Adde
359 2651 447 2740 quod
463 2653 618 2739 Virgilius
634 2650 763 2740 jamdiu
778 2649 831 2720 dei
860 2652 963 2720 instar
977 2652 1153 2722 colebatur.
1171 2653 1276 2744 Cujus

210 2767 370 2850 statua,in
382 2768 584 2837 Alex.Severi
595 2767 733 2836 sacrario
747 2774 865 2849 erecta,
878 2768 1060 2836 habebatur
1075 2790 1211 2839 numen.
1225 2773 1273 2840 Eo

210 2883 281 2973 ipso
300 2892 459 2973 tempore,
485 2901 606 2952 nomen
623 2883 693 2971 ejus
708 2883 743 2950 in
762 2884 853 2953 lastis
873 2885 1069 2973 inscriptum
1089 2896 1160 2967 est;
1182 2895 1276 2956 nata·

210 3000 318 3088 lisque
334 2999 416 3083 dies,
436 3009 533 3090 prout
558 3001 774 3089 imperatoris,
793 3000 897 3089 pridie
922 3000 996 3069 idus
1013 3003 1165 3082 octobris,
1187 3004 1274 3072 cele-

209 3114 375 3184 brabatur.
402 3116 451 3184 hd
471 3117 541 3205 ejus
561 3117 749 3206 sepulcrum
777 3117 942 3206 peregrini
958 3117 1178 3200 confluebant,
1202 3119 1275 3186 lau-

209 3251 332 3320 rusque
360 3252 425 3322 qua
446 3233 644 3302 vestiebatur
663 3232 831 3301 nobilitata
859 3242 938 3302 erat.
960 3235 1072 3323 ltaque
1092 3235 1273 3322 Virgiliana

210 3347 313 3436 gloria
331 3348 364 3416 in
390 3348 460 3418 dies
480 3351 595 3418 crescit
616 3372 623 3418 :
646 3349 847 3418 excutiendis
869 3350 939 3438 ejus
966 3351 1117 3440 operibus
1136 3352 1205 3439 jam
1221 3352 1275 3421 in-

210 3464 371 3532 cumbunt
387 3465 581 3554 interpretes
602 3466 710 3549 multi,
739 3467 896 3550 Donatus
918 3467 1061 3551 Servius,
1089 3469 1272 3551 Charisius,

209 3580 394 3663 Diomedes,
428 3589 541 3671 totque
583 3583 649 3651 alii.
681 3581 759 3651 lude
795 3583 859 3651 alta
902 3584 938 3651 P.
985 3585 1125 3653 Maronis
1163 3584 1274 3674 poesis

208 3695 421 3787 notitiaque
449 3698 558 3767 saeculi
581 3699 686 3787 quarti
705 3706 889 3790 poetarum,
912 3700 1093 3791 praesertim
1116 3700 1266 3780 Ausonii,

208 3813 351 3882 carmina
365 3813 496 3903 fulgent
516 3811 542 3881 ².

216 3995 218 4001 Ι
242 4035 264 4084 l.
280 4031 349 4084 Vide
362 4033 442 4094 iufra,
458 4047 518 4099 cap.
531 4048 566 4087 rr.

240 4116 263 4163 2.
278 4112 348 4165 Vide
361 4114 440 4176 intra,
457 4128 515 4179 cap.
531 4127 567 4168 rr.
