2730 4926
643 391 821 453 ...20-

205 575 335 626 summa
359 572 515 624 versuum
540 552 672 622 licentia
702 552 877 621 Christiani
900 573 1022 622 nomen
1040 553 1184 622 husonio
1208 554 1270 622 ab·
1339 603 1343 611 ·

203 693 318 742 nuere.
358 671 467 740 Ehaul
505 677 594 736 tanta
628 668 802 736 hominum
835 668 1054 752 imbecillitas,
1093 669 1268 758 animique

203 789 333 877 ignavia
352 796 389 855 ut
407 807 492 876 saepe
506 785 689 875 purissimae
708 784 876 871 religionis
898 795 1056 875 praecepta
1071 784 1271 875 cupiditates

203 904 393 995 libidinosas
410 903 562 971 cohibere
578 921 644 968 non
657 901 794 969 valeant.
811 901 975 988 Alioquin,
994 923 1051 991 pro
1067 911 1153 983 certo
1166 902 1272 971 habe·

204 1040 278 1107 mus
289 1021 442 1088 Nostrum
449 1017 614 1106 improbos
628 1036 741 1085 versus
748 1017 825 1085 istos
832 1017 1027 1106 plerumque
1036 1038 1073 1086 aa
1082 1019 1273 1087 solamente

205 1132 587 1220 edidisse,utquidquam
598 1141 691 1200 acute
700 1131 887 1205 dictumeut
896 1133 1073 1220 quamdam
1084 1134 1272 1202 litterarum

205 1250 421 1317 mutationem
436 1247 524 1315 haud
539 1247 715 1328 omitteret;
746 1247 801 1314 illa
821 1248 910 1315 enim
940 1249 1130 1331 miserabili,
1147 1268 1273 1339 nempe
1315 1312 1316 1317 ,

205 1365 376 1454 ingenioso
396 1364 463 1432 viro
484 1362 606 1444 omnia,
627 1363 678 1431 vel
693 1363 894 1452 petulantius
914 1363 1044 1452 scripta,
1067 1385 1138 1433 esse
1156 1365 1274 1452 ignos-

205 1482 319 1564 cenda,
337 1480 547 1570 persuasione
561 1478 783 1559 imbuebatur,

250 1599 420 1676 Preterea,
434 1594 523 1663 haud
535 1594 725 1681 negandum
736 1593 918 1662 Ausonium
930 1594 1051 1663 mentis
1066 1594 1206 1684 impetu,
1218 1596 1273 1664 in-

208 1721 387 1801 temperata
398 1712 428 1779 vi
444 1708 769 1796 excogitandi,nimio
779 1708 991 1795 ingeniorum
1006 1709 1275 1797 antiquitatisex-

207 1828 397 1897 callentium
408 1846 517 1893 amore
528 1822 1236 1913 etassiduameditatione,poaticodeniquef
1259 1863 1274 1875 -

208 1964 279 2012 rore
292 1942 332 2010 ad
348 1941 507 2030 mythicas
520 1939 646 2007 fabulas
661 1939 754 2026 quasi
765 1948 881 2028 sponte
892 1959 951 2008 sua
961 1940 1141 2030 impulsum
1152 1940 1271 2011 luisse.

208 2058 397 2127 Studiorum
423 2057 457 2122 in
481 2056 600 2124 scholis
628 2055 811 2142 vigentium
840 2076 960 2143 genere
987 2056 1028 2124 ad
1061 2058 1274 2135 ethnicorum

208 2174 286 2243 deos
302 2171 455 2241 colendos
470 2171 678 2253 invitabatur,
697 2171 845 2260 quamvis
858 2173 963 2241 Deum
978 2172 1085 2241 solum
1101 2182 1134 2243 et
1155 2194 1275 2243 verum

209 2297 358 2359 nosceret
376 2296 473 2375 atque
490 2296 710 2356 veneraretur.
728 2287 807 2356 lnde
827 2288 988 2376 sequitur,
1006 2296 1043 2356 ut
1064 2289 1222 2377 languide
1240 2301 1275 2360 et

209 2406 353 2474 molliter
365 2405 493 2472 Christo
504 2404 663 2486 servierit,
675 2403 954 2492 quemadmodum
968 2404 1087 2473 latetur
1098 2406 1181 2495 ipse,
1193 2427 1277 2505 nam

209 2521 297 2590 illius
332 2548 348 2582 «
369 2519 516 2587 cohibuit
530 2527 661 2608 pectore
683 2521 809 2588 cultum
835 2520 858 2586 ².
883 2545 899 2581 »
937 2521 1133 2608 Symmacho
1166 2523 1274 2606 enim,

209 2634 399 2703 Christianis
439 2634 674 2717 infensissimo,
697 2635 901 2703 familiariter
925 2655 1006 2704 usus
1027 2645 1088 2720 ast,
1124 2637 1184 2706 sed
1199 2640 1278 2708 nul-

208 2751 278 2820 lum
295 2752 404 2818 esbac
420 2757 492 2818 tum
507 2749 646 2837 ingenii,
684 2759 755 2817 tum
774 2772 906 2819 morum
935 2753 1173 2821 consuetudine
1204 2775 1280 2824 cer-

209 2875 281 2934 tum
298 2873 533 2953 argumentum
554 2865 690 2955 capitur,
723 2887 799 2934 cum
828 2867 890 2936 alia
909 2889 947 2936 er
965 2879 1056 2958 parte
1082 2871 1274 2956 Paulinum,

209 2983 267 3070 qui
278 2983 416 3071 jamjam
433 2982 598 3049 Christum
619 2980 734 3050 devoto
749 2984 1008 3072 prosequebatur
1022 2985 1124 3067 cultu,
1149 2986 1277 3074 optime

209 3098 375 3166 voluntate
394 3097 480 3164 inter
498 3097 619 3165 amicos
635 3096 784 3166 haberet.
1179 3182 1182 3188 Α

253 3211 351 3280 Nobis
366 3211 468 3299 igitur
487 3233 618 3300 aequum
634 3212 762 3282 videtur
777 3214 952 3283 Christiani
975 3217 1110 3284 titulum
1125 3218 1275 3288 Ausonio

210 3326 364 3409 tribucre,
387 3326 445 3395 sed
460 3348 525 3397 una
540 3328 720 3397 concedere
735 3331 823 3397 hunc
847 3330 986 3398 minimo
1004 3320 1200 3419 religionem
1220 3355 1276 3403 ro-

210 3464 341 3510 manam
360 3444 451 3511 cultu
475 3443 743 3526 circumdedisse,
761 3466 797 3513 ac
816 3466 902 3535 saepc
921 3447 1067 3516 nominis
1083 3449 1187 3517 sancti
1204 3471 1277 3520 car·

209 3557 338 3626 minum
356 3559 488 3627 licentia
503 3559 699 3649 vivendique
719 3581 839 3648 genere
853 3561 955 3631 luisse
971 3563 1123 3632 oblitum.

255 3672 359 3751 Quam
375 3675 574 3742 sententiam
595 3675 760 3746 subtiliter
778 3678 1035 3746 confirmandam
1051 3680 1199 3768 aggressi
1219 3703 1278 3750 su-

209 3807 297 3869 mus,
312 3810 378 3877 quo
390 3789 518 3859 facilius
534 3790 715 3861 deducatur
726 3792 806 3880 quid
819 3793 1000 3897 dehusonii
1009 3794 1275 3882 generedicendi

209 3903 421 3973 sentiendum
440 3906 494 3974 sit.

241 4044 370 4110 l.1dyll.,
385 4061 440 4099 xm.
455 4047 573 4101 Prooem.

239 4129 265 4183 ἵ.
278 4125 369 4191 loru..
385 4142 402 4189 r,
417 4130 443 4180 3.
