2730 4926
651 381 829 441 ..13-

212 544 378 614 rarissime
399 542 491 626 deos,
508 543 576 612 lere
596 564 671 611 vero
687 564 817 633 semper
840 546 944 610 Deum
960 565 1063 610 onum
1085 545 1279 633 alloquitur.

210 662 312 730 Nemo
331 661 416 728 inter
439 660 586 728 ethnicos
607 669 755 729 auctores
780 668 847 728 tam
873 668 1078 728 constantem
1097 659 1281 759 fidem-un-

210 799 310 867 quam
332 776 640 866 luissetprolessus.

254 903 378 982 Quibus
394 903 496 990 igitur
510 902 713 989 argumentis
729 901 883 969 omnibus
902 900 1025 972 relatis.
1050 901 1279 971 Christianum

210 1021 248 1088 ll.
263 1021 304 1087 ll.
326 1019 507 1086 Ausonium
524 1017 626 1086 luisse
646 1019 763 1086 merito
782 1037 959 1106 possumus
975 1015 1182 1086 concludere.

254 1146 306 1225 dt,
324 1143 455 1232 objiciet
475 1143 605 1230 aliquis,
627 1163 693 1210 non
717 1143 762 1210 ita
787 1164 805 1209 a
828 1142 915 1210 salsis
940 1141 1133 1209 numinibus
1146 1143 1278 1213 alienus

211 1260 284 1341 luit,
312 1279 454 1346 quorum
486 1279 608 1326 nomen
638 1259 755 1347 saepius
785 1265 961 1339 memorat,
993 1276 1068 1324 cum
1092 1259 1279 1346 praesertim

210 1374 250 1443 ab
266 1375 328 1441 hoo
344 1373 577 1441 vocabulorum
594 1393 716 1460 genere
729 1373 932 1440 Christianus
948 1371 1122 1441 abhorrere
1142 1372 1276 1442 debeat.

211 1528 253 1540 -
269 1489 386 1556 Fateor
405 1487 557 1576 quidem;
576 1487 635 1555 sed
650 1487 732 1555 illud
752 1487 932 1555 tenendum
948 1495 1009 1567 est,
1020 1487 1122 1557 ferme
1137 1509 1278 1558 neccsse

209 1604 324 1686 luisse,
346 1613 395 1686 ut,
430 1603 488 1690 qui
512 1603 637 1670 litteras
657 1602 813 1683 traderet,
853 1601 990 1670 deornm
1014 1604 1149 1672 nomina
1172 1626 1278 1691 gene-

209 1721 320 1809 risque
335 1740 449 1787 eorum
463 1718 699 1808 descriptiones
720 1740 755 1787 ac
780 1719 986 1806 singulorum
1011 1728 1188 1810 potestates
1216 1741 1278 1789 au-

209 1836 339 1905 dientes
356 1834 498 1903 doceret.
521 1836 552 1903 ls
573 1845 642 1902 erat
656 1855 741 1918 mos
762 1844 800 1902 ut
814 1835 1044 1918 Tertullianus,
1059 1835 1093 1901 iu
1111 1835 1279 1925 professo·

208 1962 261 2021 res
280 1950 468 2037 indignans,
499 1971 565 2017 non
592 1950 755 2019 dubitaret
780 1959 888 2020 vetare
914 1950 1049 2040 nequis
1069 1950 1276 2021 Christianus

210 2066 398 2156 disciplinas
414 2065 632 2153 profiteretur.
1146 2097 1159 2143 ρ

253 2191 293 2256 dt
311 2187 400 2256 haud
414 2181 584 2270 semel‚'ut
597 2190 632 2256 in
651 2189 867 2279 parentalium
881 2181 945 2272 XV,
965 2189 1044 2257 llllll
1071 2184 1276 2285 carminibus

210 2314 243 2374 et
254 2305 574 2374 commemorationis
592 2305 879 2394 Burdigalensium
890 2304 1111 2395 professorum
1127 2306 1152 2388 1,
1176 2306 1274 2390 XXll,

208 2421 317 2503 xxlfl,
339 2420 380 2489 de
407 2421 524 2488 anima
549 2421 794 2489 immortalitate
820 2421 855 2489 in
876 2420 1015 2489 dubium
1031 2422 1143 2490 venit:
1176 2441 1276 2511 porro

208 2537 412 2604 Christianus
431 2535 604 2604 infandum
623 2537 713 2605 istud
739 2558 911 2625 nunquam
930 2523 1076 2626 prolerre
1095 2558 1196 2607 ausus
1222 2557 1277 2608 es·

208 2661 269 2722 set.
287 2691 330 2703 -
345 2653 382 2720 ln
397 2653 461 2720 illis
473 2652 513 2720 de
527 2653 646 2740 quibus
663 2654 771 2742 agitur
789 2655 868 2722 locis
884 2655 1047 2723 Ausonius
1068 2630 1166 2724 ritam
1182 2648 1276 2724 lutu-

207 2790 277 2838 ram
293 2789 360 2835 non
375 2768 510 2835 omnino
526 2768 690 2836 inficiatur
708 2791 715 2852 ;
734 2769 922 2839 dubitativis
950 2770 1048 2839 modo
1077 2769 1181 2839 utitur
1201 2790 1276 2839 ver·

205 2885 268 2968 hir,
291 2906 333 2953 ne
352 2883 486 2953 easdem
502 2886 694 2967 sententias,
708 2885 778 2974 jam
797 2888 950 2975 prolatas
977 2887 1095 2956 iisdem
1121 2880 1273 2956 versibus

206 3002 379 3091 exprimat,
396 3001 625 3089 legentibusve
649 3002 783 3070 taedium
808 3003 961 3091 ejejuna
977 3012 1010 3072 et
1034 3003 1109 3072 exili
1133 3003 1274 3070 materia

206 3119 328 3186 afferat.
351 3116 443 3196 Quod
458 3117 604 3185 indicant
615 3118 638 3184 ii
658 3138 739 3205 quos
767 3118 807 3187 de
829 3119 899 3208 ipso
910 3139 1017 3188 avum
1029 3119 1274 3208 sempiternum

203 3233 377 3323 profitente
389 3252 487 3324 supra
494 3234 668 3302 retulimus
678 3254 789 3303 versus
801 3257 808 3317 ;
822 3236 961 3303 etmulti
973 3235 1168 3323 alii‚quibus
1181 3255 1274 3302 eam-

204 3347 281 3417 dem
296 3347 438 3417 declarat
451 3348 662 3432 fidem,sicut
674 3351 708 3418 in
723 3351 940 3440 parentalium
956 3351 992 3435 V,
1010 3352 1061 3435 lx,
1080 3351 1176 3433 XVII,
1187 3350 1271 3418 xlx.

247 3475 288 3541 dt
306 3474 482 3557 Ausonius,
516 3476 727 3544 Christianos
753 3496 879 3559 versus,
901 3496 977 3545 oum
1005 3476 1040 3544 in
1070 3476 1144 3545 aula
1163 3475 1289 3565 impes
1329 3499 1331 3504 ·

202 3598 347 3688 ratorum
367 3599 561 3673 versaretur,
588 3592 696 3660 solum
719 3592 894 3661 condidit:
921 3593 955 3659 in
982 3590 1214 3682 Ephemeride,
1237 3600 1275 3660 et

202 3707 345 3795 paschali
380 3705 505 3795 idyllio,
528 3707 773 3794 gratiarumque
806 3708 933 3777 actione
969 3729 1139 3776 romanam
1166 3708 1273 3776 coluit

200 3822 406 3910 religionem,
423 3823 536 3911 illique
552 3844 587 3891 se
607 3822 774 3891 addictum
799 3824 995 3913 predicavit,
1015 3833 1052 3892 ut
1069 3823 1272 3894 Valentinia-

203 3958 284 4005 num
299 3939 350 4006 vol
363 3939 553 4008 Gratianum
568 3939 788 4007 circumdaret
800 3940 1094 4030 obsequiisitaque
1108 3938 1195 4030 apud
1211 3958 1269 4008 eos

202 4053 308 4123 officia
323 4053 455 4124 dextere
473 4056 590 4125 obiret.
613 4095 656 4107 -
678 4056 784 4135 Quem
803 4057 880 4124 talia
898 4054 1064 4125 dicentem
1090 4057 1118 4124 si
1138 4055 1266 4138 audias,
