2730 4926
551 357 726 472 419..

104 571 259 662 prcoemio
275 577 386 638 tamen
396 569 549 640 editionis
566 591 702 662 operum
716 573 836 656 Nostri,
858 592 931 662 quaa
946 574 981 642 in
1015 574 1170 663 gallicum

106 707 294 756 sermonem
309 686 467 755 mutanda
482 688 663 757 accuratius
679 690 815 772 curavit,
833 691 952 780 Corpet
964 690 1005 781 (l,
1016 713 1049 781 p.
1064 695 1115 770 14,
1132 712 1167 760 n.

109 807 140 888 l)
156 804 332 873 Paulinum
347 804 442 872 illum
457 805 602 894 primum
618 804 726 893 gentis
740 826 807 874 suae
822 806 1045 875 Christianum
1068 807 1170 876 luisse

105 917 592 1010 declarat,quodnon,nisijam
603 914 1168 1012 aetateprovectusbaptizatusluit,

106 1032 183 1102 dein
222 1032 311 1122 quod
342 1034 413 1123 ejus
448 1044 599 1125 parentes
627 1037 868 1126 prohibuerunt
891 1059 933 1106 ne
967 1058 1002 1107 se
1030 1058 1170 1127 puerum

105 1150 390 1220 Christo'voveret.
408 1152 440 1218 Si
453 1172 529 1220 vero
536 1151 762 1220 Euchariston
770 1153 927 1221 attentius
935 1153 1067 1241 legeris,
1079 1152 1170 1223 brevi

105 1274 266 1354 tempore,
283 1265 379 1334 credo
393 1266 560 1355 equidem,
576 1268 694 1356 Corpet
705 1275 772 1336 tota
782 1267 832 1337 via
847 1288 972 1337 errasse
989 1268 1123 1338 senties.

150 1380 370 1465 Primoenlm,
386 1383 541 1451 Paulinus
558 1383 694 1451 Pellaeus
706 1404 918 1472 nequaquam
928 1404 976 1467 se,
986 1392 1066 1465 natu
1075 1406 1172 1473 gran-

105 1494 243 1579 diorem,
261 1496 461 1586 baptizatum
480 1498 608 1567 asserit.
630 1496 723 1576 Quod
740 1497 949 1587 probaturus,
977 1500 1097 1589 Corpet
1123 1523 1168 1567 rr.

103 1613 168 1680 476
188 1632 261 1701 sqq.
295 1612 430 1702 profert,
459 1615 515 1704 qui
540 1614 677 1682 minime
716 1614 939 1704 conjecturam
958 1615 1050 1702 illam
1070 1617 1168 1707 expli-

104 1735 180 1795 cant
201 1749 209 1796 τ

216 1962 218 1965 .
246 1907 313 1961 Post
327 1908 425 1961 autem
441 1909 541 1962 exacta
553 1908 615 1979 jam
628 1906 776 1964 trieteride
792 1908 905 1981 quinta,

245 2005 311 2060 Rite
327 2008 496 2061 recurrente
513 2007 619 2062 statuto
634 2009 768 2079 tempore
782 2008 903 2077 Pascha,

248 2104 288 2159 Ad
304 2107 364 2170 tua,
381 2103 491 2160 Christe
507 2105 591 2174 Deus,
608 2105 712 2161 altaria
726 2121 808 2162 sacra
822 2123 955 2176 recusus,

246 2203 283 2258 Te
297 2201 454 2258 miserante
469 2205 520 2258 tua
535 2203 665 2274 gaudens
678 2207 862 2259 sacramenta
873 2203 981 2275 recepi,

249 2302 322 2355 Ante
338 2299 390 2355 hos
404 2303 449 2355 ter
465 2299 559 2356 decies
569 2316 656 2373 super
670 2304 698 2356 et
710 2300 754 2358 bis
766 2302 891 2374 quatuor
908 2318 1009 2360 annos.

150 2460 211 2539 Qui
231 2481 344 2530 versus
364 2461 454 2529 enirn
469 2460 656 2543 Paulinum,
675 2483 713 2530 eo
738 2461 778 2530 de
795 2483 860 2551 quo
874 2462 982 2550 agitur
1009 2471 1169 2553 tempore,

106 2575 147 2644 ad
166 2577 333 2645 Christum
352 2578 470 2659 Deum,
499 2597 599 2666 quem
622 2583 717 2648 antea
750 2586 885 2646 noverat
903 2577 1168 2667 adoraveratque,

105 2692 207 2761 luisse
222 2712 403 2774 reversum,
421 2700 469 2775 ut,
483 2692 554 2781 jam
581 2693 610 2762 ei
625 2693 685 2762 soli
701 2691 862 2776 addictus,
883 2695 918 2761 in
936 2679 1031 2763 illum
1056 2715 1171 2764 omnes

105 2809 226 2877 mentis
248 2809 462 2896 cogitationes
483 2808 655 2898 cordisque
673 2826 791 2878 sensus
807 2818 960 2892 verteret,
990 2819 1099 2900 aperte
1128 2811 1171 2879 si·

106 2925 275 3012 gnificant,
297 2923 421 2992 nedum
442 2926 531 2992 hunc
545 2945 635 2992 sacra
659 2925 864 3015 baptismatis
895 2925 984 2993 unda
1015 2917 1172 2994 duntaxat

106 3040 178 3098 tum
191 3032 347 3122 temporis
358 3032 487 3099 lautum
501 3032 687 3100 exhibeant.
705 3034 853 3120 Namque
869 3053 886 3099 a
902 3031 1171 3122 duodevigesimo

106 3169 191 3215 anno
208 3147 249 3215 ad
263 3147 476 3217 trecesimum
497 3147 651 3235 quintum
669 3149 728 3236 (vv.
753 3148 827 3230 176,
845 3149 936 3234 llo),
954 3170 972 3216 a
987 3148 1171 3218 christianis
1189 3215 1190 3219 ,

105 3263 236 3350 legibus
256 3261 441 3346 discedens,
476 3262 577 3331 vitam
592 3263 678 3331 inter
693 3262 825 3331 delicias
841 3262 1062 3352 libidinesque
1088 3262 1169 3352 egit,

107 3399 145 3447 ea
162 3380 355 3448 solamente
374 3378 549 3461 distentus,
570 3386 608 3446 ut
621 3378 683 3466 ipsi
706 3407 722 3442 κ
738 3380 811 3447 laeta
826 3379 943 3448 domus
970 3378 1099 3468 magnis
1113 3380 1173 3448 llo-

107 3503 195 3564 reret
223 3496 394 3564 abundans
422 3494 571 3565 »divitiis
593 3499 633 3579 (a.
665 3496 760 3584 435),
782 3503 815 3563 et
835 3504 997 3586 «compta
1023 3496 1173 3586 spatiosis
1205 3516 1211 3527 ·

108 3611 246 3694 adibus,
263 3619 297 3681 et
315 3611 442 3681 diversa
459 3611 537 3679 anni
552 3630 610 3701 per
640 3618 789 3700 tempora
800 3611 926 3700 Jugiter
937 3619 1032 3700 apta,
1059 3632 1173 3681 mensa

110 3727 277 3816 opulenta,
308 3726 430 3809 nitens,
458 3728 568 3817 plures
580 3729 788 3817 juvenesque
804 3726 946 3795 ministri
967 3753 983 3789 »
1002 3729 1058 3815 (v.
1079 3728 1171 3814 206).

110 3841 357 3911 Calamitatibus
377 3862 452 3911 vero
470 3841 653 3912 innumeris
674 3862 712 3910 ea
731 3850 825 3910 aetate
841 3842 1021 3926 confectus,
1036 3861 1116 3932 opes
1131 3841 1175 3910 is-

110 3965 159 4026 tas
182 3985 198 4021 «
215 3965 361 4027 terrenas
378 3966 476 4046 atque
490 3957 627 4047 caducas
644 3984 660 4020 »
683 3957 817 4026 tandem
832 3946 1001 4047 cognoscit
1019 3957 1063 4044 (v.
1081 3959 1172 4044 431),

111 4071 219 4163 etjam
234 4102 251 4138 «
262 4083 420 4166 perpetuo
430 4095 602 4145 mansuras
614 4101 631 4139 »
645 4073 772 4163 quaerit.
788 4076 921 4145 Errores
933 4075 1036 4164 igitur
1047 4073 1175 4143 confes·
