2730 4926
560 690 608 745 vl.
624 689 789 760 Epitaphia.

189 932 282 998 Nunc
293 928 333 996 de
345 929 483 997 heroum
502 927 560 1014 qui
575 927 660 995 bollo
672 926 772 995 troico
789 927 1009 995 interfuerunt
1027 938 1059 998 el
1078 930 1203 1018 aliquot

145 1046 285 1115 aliorum
300 1042 481 1134 epitaphiis
495 1041 674 1130 agendum.
689 1043 852 1110 -Prima
868 1070 884 1106 «
899 1043 986 1133 apud
999 1045 1204 1134 philologum

145 1161 324 1250 quemdam
336 1159 456 1247 reperit
471 1157 647 1240 Ausonius,
661 1159 829 1247 latinoque
839 1179 990 1228 sermone
1001 1164 1170 1231 convertit.
1187 1189 1203 1224 »

146 1277 310 1346 Periochis
324 1274 473 1363 ejusdcm
487 1275 522 1342 in
538 1275 669 1341 Homeri
684 1273 819 1342 lliadem
831 1283 864 1342 el
877 1274 1056 1363 Odysseam
1071 1278 1208 1367 subjun-

148 1392 257 1482 genda
271 1390 433 1460 videnlur.

193 1507 270 1586 Qua
293 1507 436 1574 carmina
457 1506 551 1587 nihil,
573 1514 610 1572 ul
628 1525 701 1572 mea
717 1506 826 1594 opinio
842 1506 915 1588 fort,
933 1508 1070 1595 posteris
1091 1518 1211 1578 notan·

150 1622 232 1690 dum
246 1621 404 1711 prebent,
417 1621 480 1688 nisi
503 1619 544 1687 do
560 1620 684 1688 Didone
706 1622 831 1710 (XXX),
858 1621 898 1690 de
923 1623 1066 1710 Diogene
1090 1626 1211 1713 Cynico

149 1738 293 1829 (XXXI),
326 1737 360 1804 in
379 1737 548 1803 tumulum
578 1735 770 1804 sedecennis
790 1739 1080 1830 matronalium),
1111 1750 1143 1808 el
1172 1740 1212 1810 de

152 1853 285 1922 Glaucia
299 1853 475 1919 immatura
491 1861 597 1920 morte
611 1862 776 1940 praevento
790 1852 964 1944 (XXXlll).
984 1856 1053 1923 Alia
1068 1876 1086 1922 a
1099 1857 1214 1925 Nostro

151 1969 293 2057 egraecis
302 1968 594 2056 Anthologicorum
605 1968 791 2036 auctoribus
805 1968 917 2052 ducta;
929 1970 1107 2058 alia'gallici
1118 1973 1216 2062 scrip·

153 2093 240 2153 tores
251 2083 369 2152 imitati
385 2083 542 2174 (XXVlll‚
565 2086 676 2170 XXX).

199 2200 276 2279 Quae
292 2201 402 2269 omnia
421 2219 459 2268 ea
483 2208 595 2269 mente
620 2201 839 2269 verisimiliter
856 2202 996 2286 condita,
1019 2212 1057 2272 ut
1075 2203 1217 2293 discipu-

151 2317 262 2385 lorum
289 2316 482 2384 memoriam
508 2317 671 2385 Ausonius
700 2337 885 2406 perversus
910 2319 1056 2402 levaret;
1086 2328 1214 2389 constat

153 2433 245 2518 enim
261 2434 395 2501 metrica
409 2434 554 2501 oratione
567 2432 699 2521 aliquod
713 2433 821 2502 inesse
835 2435 1001 2502 momoriae
1014 2435 1213 2519 subsidium,

154 2549 244 2638 quod
259 2549 385 2618 facilius
399 2549 617 2639 percipiendis
633 2549 879 2639 retinendisque
895 2555 993 2620 rebus
1008 2553 1157 2622 inservit.

413 2931 414 2934 Ἴ
533 2841 596 2899 vu.
617 2843 657 2900 lle
674 2842 848 2900 daesaribnc.

202 3102 296 3171 ldem
317 3100 406 3170 haud
432 3101 561 3170 sinistre
581 3100 622 3170 de
641 3102 840 3171 carminibus
863 3101 1115 3191 dijudicabimus
1140 3125 1213 3193 qua

157 3217 306 3287 condidit
318 3216 358 3285 de
374 3216 548 3286 duodecim
565 3218 744 3286 Caesaribus
763 3239 822 3307 por
839 3219 1033 3286 Suetonium
1049 3220 1222 3308 Tranquil-

157 3335 230 3402 lum
249 3333 389 3423 scriptis‚
416 3341 449 3401 et
473 3333 514 3402 de
536 3334 732 3402 tetrastichis
752 3355 770 3402 a
787 3335 871 3402 lulio
896 3336 1020 3404 Caesare
1046 3355 1153 3423 usque
1180 3335 1222 3404 ad

158 3459 310 3540 tempora
325 3470 396 3518 sua.

206 3564 409 3655 Opusculum
429 3564 470 3634 de
494 3565 669 3634 duodecim
695 3567 886 3649 Cesaribus,
920 3574 1051 3656 apocha
1066 3567 1223 3656 Hesperio

160 3682 230 3751 filio
243 3682 399 3766 dicatum,
418 3683 522 3752 tribus
539 3684 738 3753 carminibus
757 3692 905 3752 constat:
926 3683 1092 3773 inprime,
1115 3682 1218 3771 cujus·

162 3818 229 3886 que
243 3797 447 3887 imperatoris
464 3801 545 3868 lacta
560 3801 765 3869 monosticho
781 3802 969 3889 signantur;
992 3798 1177 3867 secundum
1192 3808 1222 3866 el

161 3914 377 3984 monostichis
394 3915 434 3984 de
447 3924 594 4005 tempore
606 3917 735 4006 imperii
745 3915 1007 4003 uniuscujusque
1022 3915 1201 3982 contexitur
1217 3938 1225 3996 ;

162 4029 300 4100 tertium
319 4052 396 4101 vcro
412 4032 627 4102 demonibus
646 4053 762 4103 eorum
781 4040 908 4102 tractat.
