2730 4926
495 1275 866 1358 CONCLUSIO.

191 1869 237 1936 Ea
250 1874 328 1936 sunt
340 1887 412 1957 quae
426 1864 468 1933 de
482 1885 518 1934 re
533 1865 699 1955 proposita
715 1862 945 1934 disseruimus.

195 1985 270 2065 Quae
286 2005 361 2053 vere
374 1984 485 2052 omnia
500 1983 528 2053 si
544 1981 585 2050 ad
599 2003 765 2052 summam
784 1983 978 2051 contrahere
997 1980 1214 2065 voluerimus,

145 2108 216 2170 teta
239 2101 375 2169 Ausonii
396 2100 501 2168 nostri
526 2099 665 2191 repetita
689 2099 767 2183 vita,
796 2098 917 2168 inferre
938 2097 1051 2166 licebit
1079 2098 1159 2187 quid
1182 2099 1216 2166 in

150 2217 266 2301 Gallia,
283 2225 399 2304 quarto
415 2216 547 2299 saculc,
562 2217 692 2286 valeant
705 2215 836 2298 litterae,
850 2213 1015 2304 quemodo
1027 2215 1121 2283 bcnae
1137 2214 1218 2283 erci-

147 2339 371 2415 tenturartes,
394 2352 493 2419 quam
508 2331 575 2401 vim
601 2330 774 2421 praecipuis
789 2329 933 2418 ingeniis
950 2330 1069 2399 schola
1093 2329 1216 2417 ubique

150 2449 278 2518 diffusae
307 2447 532 2539 suppeditent,
553 2468 630 2517 cum
656 2450 826 2516 rhetorum
847 2447 1014 2537 simulque
1043 2454 1215 2538 poetarum

146 2568 204 2636 ille
220 2566 260 2635 de
278 2588 342 2657 qua
371 2566 513 2637 diximus
528 2566 680 2657 princeps
697 2572 730 2634 et
751 2565 845 2655 quasi
872 2563 1217 2654 exemplaremineat.

145 2683 213 2752 Nec
246 2683 356 2751 minus
384 2689 494 2772 aperte
517 2681 725 2751 intuentibus
749 2681 917 2772 apparebit
943 2701 1007 2772 qua
1034 2678 1220 2750 incredibili

149 2797 342 2867 confusione
369 2799 453 2866 lacta
476 2805 615 2887 utraque
630 2805 702 2865 turn
719 2800 939 2886 Paganerum‚
967 2805 1040 2866 tum
1067 2795 1222 2868 Christia-

147 2935 280 2998 norum,
298 2914 436 2983 societas
451 2935 522 2983 sese
532 2913 651 2982 iisdem
664 2913 788 2983 inserat
796 2913 952 3002 negotiis,
973 2921 1007 2981 et
1025 2911 1221 2981 necessitate

147 3029 291 3119 quadam
305 3030 477 3121 plurimae,
496 3031 563 3100 siue
582 3029 769 3118 inagendo,
791 3030 859 3099 sive
877 3028 1076 3112 indicendo,
1092 3027 1219 3097 lubrica
1342 3029 1351 3046 ‘

149 3154 184 3214 et
198 3144 323 3214 incerta
339 3152 451 3214 mente
463 3147 621 3236 provehat
634 3145 799 3215 hemines.
813 3143 907 3224 Quod
922 3152 1010 3213 certe
1024 3144 1076 3218 bis
1097 3149 1222 3232 tempo-

149 3261 254 3344 ribus,
270 3261 390 3351 quibns
406 3283 424 3329 a
440 3263 542 3331 veteri
555 3260 739 3353 disciplina,
748 3259 887 3350 jamjam
903 3260 1074 3333 deturbata
1082 3267 1115 3330 et
1125 3257 1221 3334 humi

149 3384 321 3468 prostrata,
342 3377 384 3445 ad
396 3398 497 3447 neves
512 3399 620 3448 mores
633 3398 820 3466 novamque
836 3376 1044 3466 excogitandi
1056 3376 1219 3446 rationem

150 3494 321 3577 transitur,
343 3493 475 3564 evenire
497 3495 592 3563 solet.
625 3495 690 3562 Nec
710 3492 799 3562 aliud
824 3513 903 3563 sane
930 3493 1032 3583 gestis
1060 3490 1222 3580 dictisque

148 3612 373 3701 spectaculum
392 3611 487 3680 effert
499 3611 676 3681 Ausonius.
700 3610 787 3679 Illud
810 3617 966 3700 praterea
982 3611 1022 3680 ab
1042 3631 1080 3678 eo
1093 3607 1217 3699 accepi-

153 3746 229 3795 mus
250 3724 594 3809 animadvertendum,
623 3733 746 3815 quanto
770 3727 864 3817 plura
890 3726 952 3795 sibi
969 3731 1225 3817 assequerentur

152 3840 188 3909 in
212 3841 330 3910 studiis
360 3841 515 3912 doctrinae
538 3848 636 3932 atque
661 3841 876 3911 humanitatis
899 3843 1029 3926 versati,
1050 3862 1151 3933 quam
1175 3840 1223 3910 rei

153 3956 287 4026 militari
300 3957 414 4026 dediti.
432 3960 498 4028 Nec
511 3978 608 4048 parva
623 3957 702 4027 inde
717 3957 842 4046 gallicis
856 3958 975 4028 litteris
987 3959 1090 4030 evasit
1101 3955 1220 4047 gloria:

154 4071 294 4144 docendi
310 4075 400 4146 enim
420 4095 571 4159 munere,
592 4074 654 4144 sibi
683 4073 725 4144 ad
740 4096 855 4145 omnes
880 4078 1034 4160 bonores,
1067 4071 1223 4145 etiamad
