2730 4926
167 563 329 690 nn
383 562 463 689 n.
518 556 1027 719 nannenten

164 868 440 955 OPERIBUS
475 868 542 952 ET
578 866 796 952 GENERE
829 863 1074 952 DICENDI.

93 1199 513 1211 m

379 1966 382 1970 ⁵
406 1977 579 2055 CAPUT
608 1976 841 2055 PRIMUM.

454 2323 596 2370 AUSONIUS
621 2323 796 2369 Pnornsson.

143 2633 296 2699 Decimus
316 2639 372 2698 aut
393 2631 509 2697 Decius
531 2631 668 2717 Magnus
684 2629 848 2698 Ausonius
864 2629 1058 2716 Burdigalae,
1076 2651 1161 2697 anno

100 2749 230 2815 circiter
242 2747 472 2814 trecentesimo
483 2766 570 2813 ncnc
580 2754 654 2834 post
667 2746 976 2827 lesum-Christum,
990 2754 1159 2814 natusest.

105 2864 205 2951 Cujus
221 2873 323 2952 pater,
334 2863 438 2930 Julius
446 2862 622 2944 insomne,
641 2864 698 2950 qni
714 2861 849 2930 medicae
865 2864 926 2929 arti
938 2862 1099 2944 addictae,
1113 2863 1163 2929 in-

101 2979 200 3067 genio
228 2979 406 3067 praestanti,
424 2977 534 3045 indole
563 2978 681 3046 eximia
710 2986 807 3066 atque
821 2978 1012 3045 abstrusicri
1028 2978 1162 3045 scientia

100 3095 223 3161 famam
239 3115 395 3181 magnam
406 3102 574 3161 assecutus
589 3093 713 3176 suerat3
743 3101 849 3160 mater
863 3102 974 3160 antem
989 3097 1037 3159 AE.
1052 3093 1164 3160 AEonia

98 3232 118 3276 a
135 3209 416 3298 maj0rihus‚01im
436 3208 523 3298 apud
532 3209 788 3300 AEdnosggenere
803 3217 835 3276 et
851 3209 971 3276 divitiis
985 3209 1161 3285 nobilibus,

105 3333 185 3393 crta.

144 3441 185 3506 At
208 3459 284 3507 vern
309 3440 396 3506 inter
417 3448 565 3508 auctores
582 3461 649 3507 non
666 3446 792 3507 constat
807 3449 918 3506 utrum
939 3459 1013 3507 vera
1029 3459 1070 3505 an
1085 3438 1165 3506 falsa

104 3555 171 3624 sint
194 3556 300 3623 Nostri
318 3557 519 3644 praenomina
544 3556 696 3644 superius
718 3554 836 3622 tradita
864 3555 1041 3622 :nonnulli
1062 3553 1164 3636 enim,

104 3670 193 3738 haud
212 3671 378 3738 immerite
398 3670 746 3758 quarantaniam
767 3671 856 3738 Decii
872 3679 928 3737 aut
943 3670 1066 3736 Decimi
1086 3690 1167 3758 prae·
1190 3674 1192 3679 ’

104 3806 227 3853 nomen
247 3785 476 3874 aquibusdam
501 3787 664 3875 accepisse
689 3794 898 3874 putaverunt,
923 3784 991 3872 qui,
1023 3792 1090 3852 tota
1119 3785 1169 3851 via

104 3901 246 3991 graviter
273 3910 431 3984 errantes,
458 3902 553 3969 illum
573 3900 729 3970 eumdem
745 3923 781 3969 ac
800 3902 954 3968 Sanctum
971 3900 1166 3981 Ausonium,

107 4017 553 4107 primum-Engclismensem
570 4019 772 4107 episcopum,
793 4014 1033 4085 contenderint.
