2730 4926
592 373 768 456 ..pg-

150 559 190 628 de
211 559 279 628 imo
310 567 442 649 pectore
469 559 672 626 clamorem:
703 557 820 637 «Quis
844 558 907 626 fuit
940 559 996 627 ille
1020 558 1121 630 dies?
1142 589 1174 646 o,
1189 565 1215 634 is

148 674 359 765 amplissimis
374 674 525 743 laudibus
541 695 626 763 saepe
646 674 763 742 merito
779 674 973 743 illustratus.

192 792 297 859 Tertia
315 792 478 859 Ausonius
494 790 602 859 eidem
624 790 779 879 Hesperio
799 791 849 859 his
870 790 972 860 denos
992 792 1121 878 turdos,
1139 816 1214 864 ana-

146 907 234 975 tihus
246 907 382 995 junctis,
404 908 505 974 mittit
520 927 602 993 quos
614 906 739 974 retibus
755 906 876 975 dolosis
892 908 989 996 oepit.
1006 910 1053 976 Er
1067 910 1132 978 hoc
1145 912 1212 1001 ipse

146 1022 261 1106 oritur,
279 1031 315 1091 ut
333 1024 444 1111 paucis
466 1022 598 1111 quidem
621 1022 781 1103 versibus,
805 1022 1062 1110 elegantioribus
1084 1045 1161 1094 vero
1183 1035 1213 1094 et

147 1140 283 1227 argutis,
308 1141 426 1207 harum
456 1139 565 1208 avium
589 1139 729 1206 formam
754 1146 934 1207 recenseat.
965 1141 1049 1206 Cum
1075 1143 1212 1230 epistola

145 1253 201 1322 illa
215 1254 368 1322 Martialis
385 1255 598 1343 epigramma,
621 1275 686 1342 quo
704 1262 800 1342 poeta
824 1253 911 1322 dolet
935 1254 1023 1342 quod
1042 1255 1159 1326 turdos
1174 1257 1212 1325 ad

146 1369 289 1438 amicum
304 1371 434 1455 mittere
453 1392 520 1438 non
530 1371 645 1460 possit,
664 1371 778 1456 illique
792 1378 938 1457 agrestes
956 1370 1103 1439 modoet
1119 1373 1212 1462 igno

145 1484 227 1553 biles
251 1487 397 1555 volucres
425 1487 530 1562 offert,
555 1493 653 1573 atque
673 1485 775 1566 aliud,
799 1505 864 1572 quo
894 1485 1049 1554 Paulinus
1068 1488 1212 1557 Nolanus

147 1601 328 1671 Gestidium
358 1603 481 1690 aliquot
510 1601 658 1670 ficedulis
683 1601 794 1682 donat,
838 1622 970 1669 carmen
995 1603 1095 1670 velim
1126 1624 1212 1671 com-

146 1740 251 1807 pares.
261 1720 437 1801 Ausonius,
451 1720 486 1786 in
504 1719 664 1808 epistolio,
681 1718 835 1786 Martialis
848 1719 1041 1806 Paulinique
1056 1721 1214 1808 opuscula

146 1837 256 1903 avium
275 1835 388 1903 formae
402 1844 435 1903 et
450 1844 589 1924 capturae
604 1833 895 1902 describendarum
915 1836 1102 1903 amoenitate
1117 1856 1214 1926 supe-

147 1972 236 2020 rasse
257 1951 339 2019 mihi
359 1950 499 2033 videtur,
529 1951 678 2039 quamvis
704 1950 759 2018 illa
783 1970 844 2017 nec
866 1950 991 2018 insulso
1014 1972 1075 2019 nec
1099 1953 1213 2042 inepto

144 2066 279 2154 ingenio
301 2065 430 2134 condita
444 2067 588 2134 luerunt.
611 2066 749 2153 Aucupii
775 2085 850 2133 vero
872 2084 989 2153 genus,
1007 2065 1047 2132 ah
1066 2066 1214 2135 Ausonio

145 2191 459 2264 memoratum,cum
470 2181 654 2250 Nemesiani
667 2179 1041 2269 duobusfragmentisdc
1055 2183 1215 2272 Aucupio

144 2320 216 2387 quae
229 2308 406 2389 supersunt
421 2298 567 2367 conferre
583 2298 643 2365 tibi
658 2297 735 2365 licet
752 2318 759 2365 :
775 2298 940 2367 Ausonius
955 2298 1099 2387 palmam
1110 2320 1214 2368 rusus

143 2416 267 2484 retulit.

187 2531 332 2609 Quatuor
351 2538 527 2617 sequentes
554 2529 698 2617 epistola
718 2527 759 2596 ad
784 2530 953 2597 Thoonem
971 2528 1154 2618 quemdam
1174 2531 1217 2599 ab

143 2646 286 2713 Ausonio
307 2645 461 2733 scripta:
493 2638 622 2733 quihus
646 2665 684 2712 eo
717 2644 834 2732 majori
853 2644 1023 2732 diligentia
1051 2645 1218 2714 dehemus
1250 2646 1259 2673 ⁴

143 2761 288 2843 studere,
306 2760 395 2849 quod
408 2781 446 2828 en
461 2760 526 2827 illis
543 2760 772 2846 cognoscimus
784 2781 845 2848 qua
858 2761 1079 2830 familiaritate
1094 2763 1218 2831 Noster

143 2877 254 2946 amicis
270 2885 429 2959 uteretur,
448 2884 545 2964 atque
565 2875 718 2943 audimus
738 2896 790 2944 res
798 2877 887 2944 haud
897 2879 987 2965 parvi
1003 2877 1114 2966 pretii,
1135 2899 1216 2947 cum

146 2993 187 3062 de
207 2994 313 3082 quarti
329 2992 476 3067 moribus
492 2991 615 3073 saeculi,
632 3000 701 3059 tum
719 2991 759 3060 de
774 2992 845 3081 ipso
865 2994 1034 3081 scriptore.

188 3108 265 3186 Quis
281 3117 369 3177 esset
383 3110 470 3176 Theo
486 3128 572 3196 aegre
595 3106 805 3202 dijudicatur,
823 3110 884 3177 etsi
905 3109 945 3178 de
968 3109 1025 3176 illo
1043 3109 1214 3179 Ausonius

144 3224 269 3293 multus
281 3225 354 3292 fuit.
372 3224 537 3303 Quantum
548 3244 622 3293 vero
637 3224 850 3294 meditatione
863 3235 896 3294 et
914 3225 1103 3314 conjectura
1122 3245 1214 3295 asse-

145 3361 239 3428 quor,
256 3341 317 3408 iste
333 3341 464 3408 vireret
479 3339 613 3428 quidam
631 3342 786 3423 rusticus,
815 3363 881 3410 non
901 3341 1047 3430 quidem,
1069 3349 1107 3409 ut
1127 3364 1213 3411 non-

145 3456 229 3524 nulli
267 3477 438 3546 perperam
474 3457 690 3539 aestimarunt,
726 3458 849 3539 rhetor,
885 3459 941 3545 qui
981 3458 1081 3525 vitam
1121 3458 1214 3526 inter

144 3574 324 3642 venationis
332 3574 540 3662 piscatusque
552 3575 615 3642 otia
627 3583 660 3642 et
671 3582 853 3644 mereatum
860 3576 1056 3643 Domnotoni
1073 3576 1209 3662 agebat,

143 3698 241 3777 atque
256 3689 435 3772 interdum,
452 3689 552 3777 Musis
568 3691 675 3773 cultis,
694 3689 855 3758 condebat
871 3710 983 3758 versus
1004 3710 1011 3757 :
1030 3710 1097 3757 uno
1116 3692 1211 3759 enim

145 3814 254 3897 verbo,
274 3844 290 3879 «
314 3817 418 3884 cultor
443 3836 629 3897 arenarum,
653 3824 739 3884 vates
763 3842 779 3877 »
803 3824 882 3883 erat.
900 3816 948 3884 llli
967 3815 1134 3883 Ausonius
1150 3838 1210 3905 pa-

143 3950 218 3996 rum
244 3933 399 4000 honestos
432 3952 539 4000 mores
558 3932 685 4014 tribuit,
715 3952 792 3999 eum
811 3934 900 4000 hunc
922 3932 1017 4000 nohis
1032 3932 1212 4002 fenerato·

143 4066 225 4128 rem,
243 4048 483 4137 pecuniamque
504 4057 616 4116 tamen
635 4047 798 4117 ahamiois
824 4056 1011 4117 sumentem
1038 4055 1209 4132 mutuam,
