2730 4926
588 452 761 512 -2q-

143 615 421 682 Tantumcermen
431 613 564 702 aliquod
574 615 1036 705 sapphicum,crationemque
1048 623 1082 684 et
1093 636 1211 705 egres-

143 733 282 815 sionem,
300 752 336 801 ao
350 733 462 801 locum
474 733 688 814 invitationis,
706 753 808 823 pauca
822 732 863 801 de
879 733 949 801 loco
966 732 1143 802 ordinandi
1157 754 1210 803 cc-

144 849 213 938 qui,
235 857 502 936 nocturnumque
522 869 678 917 somnum
692 847 913 939 possidemus.

188 962 296 1031 Prima
324 963 544 1053 Ephemiridis
570 986 644 1054 pars
674 962 715 1032 ad
730 965 868 1053 lyricum
884 984 990 1052 genus
1006 972 1146 1054 spectat,
1165 976 1212 1035 at-

143 1101 220 1170 que,
238 1090 275 1149 ut
293 1082 416 1170 opinati
441 1090 519 1148 sunt
538 1082 719 1149 acutissimi
738 1082 832 1170 juxta
854 1088 952 1168 atque
976 1081 1208 1151 litteratissimi

145 1197 216 1280 viri,
234 1197 304 1265 aliis
324 1197 500 1286 sapphicis,
520 1218 592 1286 quae
621 1199 656 1265 in
680 1197 816 1292 Ausonii
835 1197 988 1286 operibus
1017 1209 1209 1281 occurmnt,
1266 1259 1268 1265 .

145 1313 350 1402 prestantius
367 1333 498 1382 carmen
515 1314 645 1382 videtur
668 1335 675 1381 :
698 1312 887 1381 facultatem
911 1314 1001 1382 enim
1028 1313 1210 1402 quamdam

143 1427 305 1518 poeticam
329 1427 526 1517 dicendique
540 1436 678 1497 testatur
693 1427 903 1515 elegantiam.
928 1428 1210 1498 inclamationem

145 1545 325 1633 presertim
338 1545 485 1613 continet
498 1545 694 1615 matutinam
710 1543 751 1612 ad
771 1545 1009 1613 Parmenonem
1023 1552 1158 1614 servum
1173 1557 1212 1615 ut
1244 1625 1246 1630 ἢ

146 1658 238 1727 mclii
254 1659 338 1728 lecto
352 1659 502 1726 membra
516 1660 630 1749 rapiat.

193 1772 310 1841 Oratio
328 1773 527 1842 hexametris
545 1771 697 1841 conditur
718 1795 725 1841 :
747 1776 809 1842 hoc
831 1773 921 1842 enim
944 1780 1102 1857 metmm,
1115 1777 1212 1863 quasi

146 1886 317 1976 majestate
341 1889 491 1977 plenum,
520 1890 578 1956 bei
602 1888 754 1956 laudibus
780 1888 970 1978 promendis
990 1897 1058 1958 erat
1082 1891 1213 1979 aptissi-

146 2023 252 2071 mum.
275 2005 372 2073 Poeta
392 2004 450 2073 bei
468 2005 648 2095 potentiam
664 2005 851 2093 Christique
864 2005 1026 2074 beneficia
1041 2006 1140 2090 canit,
1175 2017 1214 2076 ut

147 2128 220 2188 rote
247 2139 306 2189 sua
329 2120 409 2188 fiant
427 2130 507 2189 reta.
530 2120 655 2200 Quibus
679 2121 783 2189 utitur
804 2120 951 2204 vocibus,
977 2123 1028 2189 hae
1054 2121 1124 2192 iere
1140 2143 1213 2192 cm·

146 2255 206 2304 nes
231 2234 266 2303 in
291 2235 473 2305 litteramm
496 2235 681 2306 divinarum
702 2237 831 2327 paginis
853 2237 898 2305 ita
924 2239 1148 2322 eontinentur,
1176 2249 1215 2309 ut

147 2351 338 2441 scriptorem
353 2352 528 2421 manifesto
543 2361 697 2442 appareat
718 2362 866 2420 veterum
882 2353 1015 2441 hymnis
1035 2356 1212 2444 propbeta-

147 2487 233 2550 rum,
249 2467 444 2557 Davidisque
454 2469 602 2558 psalmis,
615 2469 753 2557 aliisque
763 2469 862 2537 sacris
875 2470 1009 2538 canticis
1026 2469 1210 2541 studuisse.

147 2583 285 2651 Carmen
304 2592 411 2652 totum
427 2583 536 2653 divino
556 2585 650 2673 quasi
669 2584 786 2674 spiritu
807 2585 953 2667 inflatur,
971 2587 1215 2677 sententiisque

147 2699 348 2787 gravissimis
368 2701 563 2768 conteritur.

190 2814 360 2908 Epressc'c,
388 2815 544 2905 locusque
573 2814 782 2885 incitationis
804 2817 929 2906 aliquot
947 2817 1054 2887 verbis
1088 2818 1215 2888 deseri-

146 2942 282 3011 buntur.
298 2945 383 3009 Loco
399 2948 509 3008 eutem
529 2938 709 3007 ordinandi
723 2941 820 3026 coqui
832 2941 937 3008 multa
956 2938 1089 3010 desunt.

191 3057 252 3136 Qui
272 3066 448 3146 supersunt
463 3076 576 3125 versus
591 3056 784 3138 hexametri,
802 3076 874 3143 quae
890 3076 949 3146 per
967 3057 1095 3126 somnis
1115 3078 1215 3128 men·

147 3182 196 3242 tes
210 3171 350 3241 subeant
365 3171 479 3241 ordine
498 3172 659 3262 pandunt.

191 3292 330 3357 Carmen
343 3294 448 3356 totum
464 3289 530 3358 stili
549 3288 733 3357 diversitate
753 3309 919 3357 amoenum
942 3310 978 3357 ac
1001 3287 1095 3357 dulce
1109 3289 1215 3359 hebe-

147 3414 217 3488 tur3
241 3405 372 3492 singula
395 3404 571 3473 enimdiei
597 3405 741 3491 negotia,
770 3425 842 3491 quae
869 3405 1051 3493 posteritati
1077 3405 1211 3494 prodita

146 3530 235 3604 sunt,
257 3528 428 3589 venustate
444 3529 476 3587 et
495 3522 604 3609 lepore
626 3519 768 3608 quodam
788 3531 972 3599 narrantur,
995 3521 1213 3610 minimaeque

145 3647 253 3727 partes
272 3637 317 3705 ita
335 3645 429 3705 acute
445 3637 677 3725 eleganterque
698 3636 937 3726 exprimuntur,
956 3616 993 3704 ut
1012 3636 1089 3705 inde
1116 3638 1214 3725 inge-

146 3753 239 3822 nium
261 3752 501 3840 artificiumque
516 3760 631 3842 poetae,
656 3753 713 3840 qui
734 3753 937 3822 tenuissimis
960 3752 1057 3821 rebus
1078 3754 1210 3843 copiam

145 3878 180 3939 et
192 3878 343 3940 ornatum
358 3869 521 3960 prestitit,
536 3869 624 3937 haud
644 3868 820 3938 difficulter
837 3877 1025 3961 appareant.

192 4015 208 4051 «
224 3986 353 4056 Utinam
368 3988 523 4075 hocopus
539 3994 645 4055 totum
660 3985 701 4053 ad
711 4006 770 4054 nos
780 3986 993 4076 pervenisset,
1009 4005 1118 4074 neque
1134 3988 1212 4078 plu-

144 4103 236 4174 ribus
261 4103 408 4194 partibus
434 4103 485 4174 vel
514 4102 727 4187 carminibus,
760 4103 881 4192 quibus
909 4101 1047 4172 tetidem
1078 4100 1210 4174 diversa
