2730 4926
495 1277 669 1357 CAPUT
697 1280 985 1363 SEPTIMUM.

363 1663 421 1710 cua
443 1663 567 1711 tusculo
592 1663 692 1711 POETAE
716 1664 817 1712 uouutt
842 1664 886 1713 sir
912 1665 1125 1716 uuuucluuuu.

256 1985 419 2053 Hactenus
427 1981 468 2051 do
482 2001 604 2071 genere
617 1982 747 2052 dicendi
756 1984 892 2053 Ausonii
903 1984 1157 2076 disputavimus,
1166 2009 1286 2059 ecma-

208 2097 1275 2182 ximaouraoumilliusdotes‚tumvitianotavimus.lndevisum

207 2216 270 2285 luit
282 2224 319 2285 ut
329 2214 551 2304 singularibus
570 2215 747 2284 virtutibus
763 2216 900 2306 scriptor
914 2218 969 2287 ille
982 2220 1139 2303 notuerit,
1161 2242 1285 2309 quam-

209 2335 256 2404 vis
281 2334 370 2403 haud
392 2333 519 2403 levibus
544 2332 687 2402 licentiis
715 2332 916 2402 deformatus
949 2334 1002 2402 sit.
1031 2337 1283 2425 Exequelium

211 2471 345 2540 quoque
376 2448 573 2518 testimoniis
609 2454 707 2536 atque
744 2448 896 2538 operibus
930 2450 1018 2518 hunc
1045 2451 1123 2541 ipsis
1155 2471 1284 2543 magno

210 2565 326 2633 honori
340 2565 454 2646 fuisse,
472 2583 508 2631 ac
528 2563 645 2631 merito
670 2563 776 2653 primo
792 2565 878 2633 inter
898 2564 1113 2635 eosdemloeo
1128 2568 1284 2663 positum

209 2681 526 2770 apparetnttamen,
543 2698 616 2747 moa
626 2678 762 2767 quidem
777 2681 953 2764 sententia,
963 2682 1104 2750 minime
1120 2681 1284 2753 dubitan-

209 2797 290 2865 dum
307 2804 357 2865 ost
374 2796 469 2864 fateri
484 2795 667 2864 Ausonium
681 2796 791 2884 potius
811 2797 953 2887 peritum
969 2804 1069 2886 atque
1085 2798 1283 2886 elegantem

207 2912 392 2983 carminum
408 2911 612 2982 conditorem
628 2932 807 3000 quamvere
822 2921 954 3003 poetam
968 2913 1089 2995 fuisse;
1111 2914 1204 3002 quod
1221 2937 1283 2985 ne·

208 3049 298 3098 cesse
316 3036 367 3098 est
386 3028 563 3117 diligenter
581 3027 829 3096 confirmemus

252 3147 385 3216 Constat
403 3143 492 3214 onim
507 3151 686 3227 auctorem,
712 3144 768 3233 qui
792 3146 853 3213 hoc
872 3145 1153 3215 humanissimum
1169 3156 1280 3238 poetae

193 3257 343 3345 nomon,
367 3289 384 3325 «
403 3259 591 3351 quodnulla
606 3281 754 3350 unquam
768 3260 916 3330 barbaria
929 3263 1061 3332 violavit
1077 3288 1093 3324 o
1112 3282 1282 3334 verecon-

208 3375 302 3465 soqui
322 3374 423 3465 cupit,
447 3395 513 3443 non
535 3375 642 3444 solum
672 3374 852 3444 sententias
876 3375 1003 3466 poetico
1030 3396 1066 3444 ao
1096 3396 1282 3449 numeroso

208 3492 329 3561 debere
349 3490 487 3560 induere
507 3491 716 3572 vestimento,
743 3489 801 3560 sod
831 3491 931 3559 etiam
946 3500 1063 3561 natura
1080 3492 1151 3582 ipsc
1169 3494 1283 3565 valere

202 3607 390 3695 mentisque
417 3605 540 3675 viribus
575 3606 720 3688 excitari,
751 3614 784 3674 et
809 3606 905 3695 quasi
927 3606 1038 3676 divino
1058 3607 1166 3676 inflari
1195 3631 1283 3698 quo·

202 3722 278 3791 dam
298 3721 427 3811 spiritu,
451 3719 492 3790 de
508 3741 573 3811 quo
588 3721 630 3790 M.
661 3721 797 3804 Tullius,
819 3743 878 3811 pro
899 3723 1015 3791 Archia
1037 3732 1133 3813 poeta
1153 3745 1276 3812 agens,

201 3839 324 3928 optime
338 3838 504 3908 disseruit.
517 3840 614 3908 Poeta
625 3838 714 3907 enim
729 3839 776 3908 sio
785 3838 967 3930 impellitur
981 3847 1019 3909 ut
1034 3861 1104 3909 rem
1116 3862 1281 3931 magnam

207 3962 241 4024 et
259 3975 405 4044 gravem,
422 3955 597 4025 hominum
613 3954 829 4027 admiratione
842 3954 991 4046 dignam,
1003 3957 1137 4027 inchoet
1151 3977 1190 4028 ac
1203 3979 1283 4051 per·

209 4067 310 4140 ficiat.
