2730 4926
590 407 765 493 ..n-

189 567 235 634 Ne
254 565 357 655 igitur
367 567 496 636 mireris
512 565 600 655 quod
612 566 682 655 jam
702 565 852 634 coelibem
867 565 937 654 egit
951 565 1063 636 vitam.

189 683 304 749 Noster
328 683 417 750 enim
443 703 510 750 non
533 681 631 749 modo
657 681 777 769 conjur
800 681 993 764 fidissimus,
1021 681 1081 751 sed
1109 682 1213 752 etiam

143 805 277 888 paterno
304 799 367 867 luit
399 819 509 866 amore
542 798 704 886 insignis.
747 798 807 867 cui
843 797 1048 867 eruditorum
1081 799 1215 868 littera-

144 934 259 983 rumve
280 915 502 984 studiosorum
519 916 559 984 xi
576 935 707 983 carmen
722 915 875 1003 ignotum
888 924 949 996 est,
967 936 1032 1004 quo
1048 915 1217 986 immatu-

144 1050 215 1098 ram
230 1033 358 1120 nepotis
366 1032 504 1100 Pastoris
521 1041 660 1099 mortem
671 1032 778 1099 neniis
792 1032 1026 1120 prosequitur?
1046 1034 1135 1101 Puer
1159 1033 1216 1102 ille

146 1147 224 1214 olim
249 1148 375 1215 emissae
403 1131 443 1215 de
471 1157 556 1216 tecto
588 1147 732 1237 pondere
763 1156 853 1216 testae
879 1167 1054 1238 percussus
1079 1147 1212 1217 occidit.

144 1262 236 1341 Quod
252 1283 450 1347 memorans,
467 1264 624 1333 exclamat
639 1284 741 1332 avus:

284 1423 337 1478 llla
347 1440 445 1480 meum
459 1423 543 1496 petiit
554 1425 654 1496 tegula
669 1423 756 1480 missa
770 1423 870 1495 caput!

190 1563 460 1634 Osuarissimum
490 1567 655 1657 simulque
671 1566 918 1635 moestissimum
940 1567 1133 1648 clamorem,
1146 1566 1214 1634 imo

144 1679 185 1749 de
196 1689 326 1770 pectore
342 1682 536 1751 deductum!

188 1796 390 1866 amabilibus
407 1799 513 1866 verbis
532 1798 670 1866 Avitiani
690 1798 810 1880 fratris,
836 1816 936 1886 quern
959 1817 1056 1886 supra
1076 1796 1212 1887 puberis

146 1911 205 1979 aevi
224 1920 328 1980 metas
352 1913 438 1982 erire
457 1915 559 1982 vetuit
582 1915 700 1983 infesta
723 1899 859 2003 Atropos
885 1913 995 2017 (xiii),
1028 1913 1212 2002 generique

143 2026 212 2095 Vel.
235 2029 339 2097 Latini
353 2029 487 2097 Buronii
503 2030 607 2121 (XIV),
623 2031 860 2119 Pomponiique
875 2029 1005 2098 Maximi
1020 2028 1210 2111 Herculani,

147 2145 265 2214 sororis
281 2145 353 2228 tilii,
373 2154 496 2215 mortes
512 2152 545 2213 et
559 2145 746 2214 modulatus
763 2152 823 2214 est.

277 2412 310 2468 v.
332 2404 587 2484 Bmdiqalensium
602 2411 805 2470 Protesaorum
820 2411 1072 2470 commemoratio.

187 2575 344 2665 Ejusdem
369 2575 500 2663 generis
520 2575 664 2643 carmina
695 2583 773 2645 sunt
806 2595 855 2658 ea,
892 2575 1013 2664 quibus
1040 2576 1215 2646 Ausonius

144 2693 338 2763 memoriam
369 2692 445 2760 colit
471 2691 661 2781 supparium
688 2700 781 2762 aetate
810 2693 872 2762 sibi
907 2693 1092 2777 doctorum,
1128 2714 1216 2784 quos

145 2811 237 2880 nulla
251 2808 401 2898 cognatio
417 2809 480 2898 ipsi
491 2807 665 2897 jungebat,

283 2969 339 3027 Sed
351 2969 430 3024 lama
442 2971 471 3024 et
482 2985 555 3024 carre
569 2968 682 3041 relligio
698 2969 812 3039 patria,

284 3060 319 3114 Et
331 3057 459 3114 studium
474 3058 504 3113 in
520 3056 611 3127 limis,
627 3063 656 3114 et
668 3059 768 3115 sedula
783 3075 853 3115 cura
865 3056 998 3114 docendi.

144 3204 184 3272 lli
206 3223 281 3272 vero
309 3203 508 3290 professores
543 3202 807 3291 Burdigalenses,
848 3203 898 3270 vel
935 3203 993 3291 qui
1027 3201 1217 3292 Burdigala

59 3306 60 3311 ¹
144 3319 211 3388 nati
227 3319 350 3387 ibidem
366 3318 555 3398 docuerant,
576 3347 592 3381 «
609 3320 659 3387 rel
686 3320 740 3407 qui
761 3318 926 3409 peregrini
947 3317 1145 3408 Burdigala,
1163 3321 1218 3389 vel

144 3436 201 3524 qui
220 3434 472 3522 Burdigalenses
492 3454 629 3523 peregre
650 3436 659 3469 ¹
678 3461 709 3502 o.

190 3552 346 3638 Pleraque
359 3551 541 3619 carminum
556 3552 688 3619 illorum
700 3551 734 3617 in
749 3551 892 3618 Ausonio
909 3556 1039 3638 gratum
1060 3549 1215 3620 animum

145 3667 407 3755 arctissimasque
431 3667 690 3737 necessitudines
714 3687 845 3756 quoque
866 3666 1080 3755 patefaciunt.
1104 3666 1161 3734 Pia
1178 3689 1217 3737 ea

144 3803 221 3851 cura
235 3803 428 3852 numerosos
447 3783 680 3874 elegantesque
694 3803 804 3852 versus
820 3781 909 3851 haud
924 3783 1027 3850 semel
1041 3781 1215 3852 condidit:

146 3897 232 3981 vide,
254 3900 394 3989 exempli
411 3901 526 3986 gratia,
546 3901 559 3968 1
579 3902 614 3968 Τ.
633 3901 669 3968 V.
695 3899 864 3981 Minervio,
887 3899 915 3968 11
942 3897 1058 3984 Latino
1081 3899 1219 3969 dicineo

179 4079 202 4126 1.
218 4076 306 4141 Epist.
322 4076 403 4130 Praef.
