2730 4926
522 374 697 432 ‚13-

77 534 239 616 electum,
268 542 305 600 ut
336 532 477 600 Gratiani
499 532 557 600 filii
583 539 762 622 praeceptor
785 532 889 602 fieret.
917 535 1064 623 Namque
1083 537 1138 606 ille

79 649 230 740 princeps
245 669 303 738 per
321 657 422 716 totam
436 649 547 731 vitam,
565 650 615 716 vel
629 650 756 716 loliano
771 649 965 738 imperante,
979 653 1138 741 antiquis·

77 768 165 835 simo
180 786 290 834 amore
303 786 472 832 romanam
487 766 588 832 coluit
598 766 788 847 Ecclesiam,
804 768 997 855 arianosque
1013 791 1139 858 repres-

79 883 135 952 sit.
160 886 200 951 Ar
216 883 290 971 quis
313 883 476 969 intelligat
502 881 666 970 quomodo
690 883 878 972 imperator,
904 893 992 951 tanta
1019 887 1139 955 Christi

78 999 202 1090 pietate
217 999 370 1086 flagrans
383 998 488 1065 filium
504 1018 602 1066 suum
618 999 824 1067 carissimum
837 1001 966 1068 ethnico
979 1003 1046 1070 viro
1060 1001 1141 1070 edu·

79 1114 225 1185 candum
243 1115 375 1184 credere
393 1115 574 1203 potuisset?

127 1233 295 1313 Praeterea,
310 1229 489 1318 discipulus
502 1231 572 1318 ipse
591 1231 737 1312 Ausonii,
756 1232 938 1313 Gratianus,
953 1241 1064 1321 postea
1079 1234 1140 1300 im-

15 1384 19 1391 ⁴
77 1355 211 1439 perator
236 1347 353 1429 lactus,
382 1346 686 1428 Christianussine
703 1347 931 1424 controversia,
950 1358 1017 1415 erat
1036 1370 1043 1415 :
1060 1370 1142 1437 prae-

78 1473 246 1553 ceptorem
274 1483 350 1531 vero
373 1463 462 1531 illius
487 1462 566 1530 falsa
592 1463 730 1530 numina
767 1463 905 1532 coluisse
927 1465 1139 1533 vehementer

78 1600 265 1672 repugnare
281 1581 355 1667 quis
368 1600 434 1648 non
455 1579 643 1648 existimet?

126 1696 283 1779 Tandem,
313 1717 352 1763 en
378 1696 513 1764 Ausonii
540 1694 667 1783 scriptis
699 1695 809 1784 ipsum
835 1693 920 1764 inter
944 1695 1137 1775 christianos

80 1813 370 1884 annumerandum
390 1812 483 1880 facile
499 1810 707 1879 deducimus.

14 1975 18 1980 -
126 1931 163 1998 ln
182 1927 402 2020 ephemeride
421 1927 521 2011 enim,
543 1926 577 1995 id
592 1935 642 1995 est
656 1929 755 1995 totius
771 1925 835 1995 diei
851 1929 996 2015 negotio,
1018 1928 1142 2017 reperi-

79 2067 157 2116 mus
173 2047 365 2127 orationem,
384 2066 453 2132 qua.
471 2044 632 2112 scatentia
648 2053 757 2111 nostra
772 2065 839 2111 non
855 2045 885 2111 vi
904 2044 1058 2112 medicari
1078 2044 1143 2113 ful·

77 2162 138 2231 ciri
159 2160 298 2230 videtur.
324 2163 462 2228 Carmen
487 2159 570 2227 illud
588 2159 810 2226 firmissimam
835 2160 870 2227 in
886 2161 1013 2228 Christo
1037 2159 1137 2227 fidem

79 2278 264 2361 confirmat,
286 2285 319 2345 et
344 2277 441 2345 rerba
465 2275 624 2344 solemnia
647 2276 804 2358 continet,
826 2297 897 2362 quae
917 2276 1140 2344 aChristianis

80 2393 161 2462 solis
176 2393 282 2462 solent
298 2392 447 2482 proferri.
465 2392 500 2459 ln
517 2411 581 2479 quo
597 2399 692 2481 poeta
707 2393 875 2478 religionis
889 2392 1008 2459 Christi
1018 2399 1141 2479 myste-

80 2510 131 2579 ria
158 2509 293 2597 explicat
312 2517 345 2576 et
360 2514 543 2589 veneratur,
565 2516 662 2595 atque
679 2508 970 2576 eternitatem‘llei
986 2508 1139 2577 creatoris

79 2623 224 2694 maxime
239 2624 392 2696 celebrat.
413 2622 505 2702 Quod
518 2632 586 2690 tam
599 2632 708 2712 aperte
724 2631 824 2712 patet,
842 2634 879 2690 ut
893 2624 1044 2691 nonnulli
1058 2623 1143 2692 illud

79 2761 151 2809 non
165 2741 311 2819 Ausonii,
329 2741 434 2808 Sancti
451 2760 524 2808 vero
541 2740 680 2822 Paulini,
699 2740 769 2827 ejus
787 2739 955 2821 auditoris,
970 2760 1051 2829 opus
1068 2761 1146 2808 con·

79 2856 231 2940 tendant,
253 2856 353 2945 idque
375 2857 461 2924 inter
486 2857 599 2923 Nolani
623 2857 765 2945 episcopi
794 2857 937 2923 carmina
960 2856 1108 2923 inserant
1137 2877 1145 2925 :

80 2993 184 3063 quam
203 2984 314 3042 autem
330 2974 527 3042 sententiam
546 2993 612 3039 non
633 2973 877 3040 confirmarunt.
900 2973 964 3040 dut
986 2992 1061 3039 cum
1077 2973 1141 3038 du·
1242 2989 1244 2993 ·

80 3089 196 3158 sonius
220 3089 284 3157 diei
311 3090 410 3157 totius
437 3089 608 3176 negotium
631 3098 743 3156 notare
765 3089 871 3169 vellet,
894 3088 1074 3156 orationem
1094 3087 1144 3156 vel

80 3225 231 3295 paganus
253 3207 404 3273 omittere
425 3226 491 3272 non
518 3212 661 3294 poterat3
689 3203 758 3285 sed,
790 3204 939 3272 ethnicus
968 3204 1145 3286 siluisset,

82 3320 215 3408 Olympi
230 3321 292 3388 diis
309 3343 421 3411 preces
435 3321 580 3411 profecto
599 3328 820 3408 nuncupasset
841 3341 848 3387 :
866 3318 954 3406 quod
973 3319 1150 3406 diligenter

82 3437 180 3505 cavit.
206 3436 362 3518 Tandem,
383 3440 492 3526 plures
518 3437 618 3525 hujus
646 3437 800 3504 orationis
824 3456 916 3504 voces
943 3436 976 3502 in
1002 3435 1149 3504 versibus

83 3553 320 3623 Paschalibus¹
358 3555 478 3621 iterum
502 3553 686 3621 funduntur
706 3552 854 3622 eadem:
882 3552 970 3621 unde
986 3553 1147 3641 Ephemo·

82 3667 167 3738 ridis
183 3690 314 3739 carmen
329 3671 463 3738 Ausonii
479 3691 559 3760 opus
576 3669 726 3737 habetur.
949 3671 953 3680 “

131 3786 214 3854 lllud
225 3787 537 3856 demonstrationem
547 3787 687 3877 perficit,
700 3785 1048 3876 nempeprecationem
1058 3784 1150 3852 illam

84 3923 164 3972 oum
176 3905 303 3993 reliquo
323 3904 467 3974 carmine
480 3907 639 3994 perhuuc
653 3923 784 3973 versum
796 3903 919 3991 jungi:
941 3928 953 3963 ‹
973 3901 1063 3970 Satis
1072 3922 1150 3992 pre-

113 4089 143 4153 d.
157 4088 248 4153 Idyll,
262 4099 280 4141 ι.
