2730 4926
542 333 719 392 ...Π-

297 493 326 551 Si
340 493 410 567 quid
424 493 455 549 in
471 497 535 551 actu

168 591 325 664 ingeniove
342 608 407 648 meo
422 608 474 646 sua
491 590 613 663 dignum
625 591 662 646 ad
676 591 777 646 munia
788 591 861 646 vidit
873 591 982 665 (neus),

168 689 266 746 Gratia
277 692 369 761 primo
384 690 444 757 tibi,
462 688 512 744 tibi
527 689 620 761 gloria
635 688 733 744 debita
746 688 834 757 cedit,

168 789 253 859 cajus
265 793 408 860 praecptis
419 794 533 859 portum
547 794 587 844 est
601 789 674 855 qaod
690 789 815 845 caristus
829 794 946 846 amaret.

143 992 237 1072 Quod
279 993 505 1062 controversia
541 992 667 1061 nodum
707 993 871 1062 exsolvere
902 992 984 1061 mihi
1021 992 1161 1063 videtur.

94 1111 244 1178 Jamvero
265 1110 435 1178 veniamus
456 1109 495 1176 ad
515 1110 695 1196 gratiarum
712 1110 875 1178 actionem
899 1131 956 1200 pro
978 1111 1160 1193 consulatu,

97 1227 202 1292 multa
214 1226 439 1294 continentem
451 1226 521 1293 loca
535 1247 619 1313 qua,
634 1234 746 1294 nostra
760 1225 895 1313 quidem
908 1226 1074 1316 opinione,
1089 1247 1164 1295 sen·

100 1341 237 1410 tentiam
254 1341 461 1409 confirmant.

145 1457 266 1540 Primo,
285 1458 468 1540 Gratianus,
497 1456 623 1524 Paulini
644 1457 758 1533 instar,
775 1458 809 1524 in
826 1458 947 1545 quihus
961 1459 1076 1526 litteris
1096 1480 1166 1526 ma-

98 1574 239 1661 gistrum
255 1574 427 1642 consulatu
440 1582 544 1656 ornat,
560 1574 682 1662 ipsum,
702 1584 878 1662 antequam
894 1573 1165 1643 consiliumillud

98 1688 207 1771 inivit,
226 1709 264 1757 eu
287 1689 358 1777 ejus
383 1691 552 1778 praeceptis
577 1690 635 1757 Dei
660 1690 817 1758 auxilium
839 1692 1006 1759 invocasse
1025 1688 1167 1758 declarat

98 1813 239 1894 aperte:
283 1805 405 1872 «Cum
429 1805 469 1874 de
493 1805 684 1873 consulibus
707 1807 741 1873 in
765 1827 890 1874 annum
909 1807 1057 1875 creandis
1077 1808 1166 1876 solus

100 1940 235 1989 mecum
260 1921 453 2004 volutarem,
475 1933 512 1989 ut
534 1921 619 1989 aelle
643 1934 673 1990 te
691 1921 785 2004 scivi,
807 1923 983 1992 consilium
998 1943 1111 1992 meum
1126 1921 1167 1990 ad

102 2038 209 2105 Deum
228 2030 338 2104 retuli.
368 2062 384 2098 »

146 2134 247 2236 uumg'
263 2153 378 2222 Noster
399 2151 557 2242 discipulo
578 2155 679 2223 veteri
700 2155 882 2243 gratulatur
899 2154 988 2243 quod
1005 2155 1168 2223 «nullum

101 2290 250 2357 unquam
265 2269 353 2338 diem
372 2270 413 2338 ab
427 2269 657 2354 adolescentia,
673 2270 741 2338 nisi
755 2270 894 2339 odorato
910 2270 1166 2354 Deiotariana»

101 2384 182 2472 egit.
215 2384 300 2452 Num
334 2386 410 2454 talia
444 2385 608 2455 emisisset
626 2386 735 2469 verba,
769 2387 891 2474 illaque
909 2386 1000 2454 laudi
1019 2385 1169 2454 Gratiano

102 2500 265 2583 vertisset,
283 2501 348 2571 nisi
370 2501 441 2591 ipse
460 2504 565 2571 Deum
584 2501 766 2572 adorasset!
804 2503 882 2582 Quis
903 2505 965 2570 hoc
980 2501 1042 2570 sibi
1060 2501 1169 2570 animo
1194 2591 1196 2596 Ι

105 2617 210 2706 possit
224 2617 372 2706 fingere?

149 2731 295 2801 dddatur
325 2732 425 2821 quod,
454 2733 653 2802 concludens
669 2735 849 2802 orationem
867 2754 973 2817 suam,
994 2735 1169 2818 Ausonius,

104 2868 184 2916 oum
195 2869 229 2916 se
240 2849 360 2936 gratias
368 2850 507 2939 principi
521 2849 620 2938 digne
633 2850 760 2938 agendo
773 2850 970 2939 inaequalem
981 2851 1113 2931 sentiat,
1131 2849 1172 2917 ad

106 2952 213 3032 Deum
232 2966 444 3048 convertitur,
462 2973 499 3034 ut
512 2966 676 3055 praeconio
690 2967 861 3033 cumulum
881 2964 995 3047 addat;
1021 2966 1172 3052 hancque

104 3081 328 3170 precationem
343 3083 485 3170 promit:
506 3109 522 3145 «
542 3085 674 3150 AEterne
688 3082 837 3149 omnium
854 3081 995 3169 genitor,
1016 3080 1086 3170 ipse
1106 3101 1172 3148 non

106 3196 232 3284 genite,
259 3196 367 3286 opilea
393 3205 425 3266 et
444 3218 541 3266 eausa
565 3198 692 3280 mundi,
721 3198 881 3287 principio
910 3192 1085 3285 antiquior,
1108 3197 1174 3264 fine

107 3312 304 3395 diuturnior,
320 3313 377 3400 qui
394 3314 515 3403 templa
529 3313 589 3382 tibi
603 3324 635 3382 et
648 3335 718 3382 aras
735 3313 957 3403 penetralibus
971 3314 1174 3382 initiatorum

106 3428 275 3497 mentibus
291 3428 507 3497 condidisti„
528 3457 544 3491 r
564 3431 622 3499 Dei
637 3452 760 3498 nomen
775 3451 907 3519 semper
925 3430 959 3496 in
975 3429 1103 3517 agentis
1120 3448 1175 3497 ore

65 3523 69 3529 ¹
107 3552 284 3632 portatam
304 3545 485 3613 orationem
509 3555 667 3615 versatur.
701 3548 908 3634 Paganorum
928 3567 994 3613 non
1009 3545 1109 3614 moris
1127 3553 1177 3614 est

109 3663 173 3727 hoc
192 3659 388 3749 deprecandi
404 3682 510 3747 genus
527 3683 695 3751 usurpare.

71 3803 74 3810 ·
156 3775 313 3859 Tandem,
332 3778 358 3845 si
373 3798 506 3845 ornnem
530 3779 679 3846 omnium
692 3777 974 3868 Ausoniioperum
987 3778 1178 3847 varietatem

112 3892 351 3981 complecteris,
373 3893 462 3960 illam
488 3895 663 3962 christiano
690 3894 832 3982 quodam
857 3896 963 3962 colore
990 3914 1064 3962 vere
1090 3914 1179 3983 spar-

113 4028 186 4076 sam
204 4009 357 4077 notabis:
396 4009 453 4093 ita,
477 4031 554 4078 cum
573 4010 614 4079 de
643 4031 796 4100 supremo
822 4010 961 4079 numine
976 4010 1074 4079 verba
1089 4010 1177 4092 lacit,

1039 4129 1058 4183 2
