2730 4926
586 323 761 391 ..45-

146 495 276 564 veniam
292 513 310 560 a
327 491 514 579 legentibus
529 490 696 581 petiverit!
715 493 847 559 Frustra
858 510 934 559 vero
945 491 1061 558 Noster
1076 510 1113 559 se
1126 490 1219 581 operi

146 609 211 693 isti,
229 608 455 677 Valentiniano
466 607 618 696 jubente,
638 607 694 696 qui
708 606 798 675 idem
823 605 979 688 ediderat,
1009 606 1216 682 incubuisse.

147 726 381 813 victoriamque
404 724 586 793 obtinuisse
614 744 674 792 nos
704 721 878 791 admonet:
897 743 971 812 quae
992 723 1219 792 enimomnes

145 843 370 911 excusationes
390 841 602 930 opprobrium
623 840 732 909 delere
752 861 819 908 non
834 848 984 929 possunt.

190 959 296 1027 Fateri
316 967 427 1026 tamen
446 978 512 1025 non
529 955 718 1025 dubitamus
734 956 916 1026 Ausonium
932 959 994 1024 hoc
1010 956 1142 1024 artificii
1159 977 1219 1044 ge·

143 1096 206 1144 nus
222 1075 349 1143 felicius
371 1082 528 1156 tentasse,
553 1074 716 1162 illumque
734 1073 919 1163 l'ir'gilianis
940 1073 1107 1162 operibus,
1125 1081 1166 1141 ut
1183 1073 1220 1141 id

145 1192 295 1261 celeriter
318 1189 486 1272 conderet,
520 1191 661 1258 manime
689 1189 909 1258 imbuendum
932 1188 1046 1257 fuisse.
1064 1189 1218 1278 dnte'ip-

147 1308 215 1377 sius
242 1316 401 1397 tempora,
435 1305 588 1375 Hosidius
605 1308 684 1374 Geta
699 1305 833 1395 quidam
859 1305 1006 1374 Medeam
1022 1303 1221 1394 tragoediam

147 1445 278 1513 quoque
294 1445 311 1492 e
328 1424 524 1492 centonibus
540 1423 720 1512 virgilianis
737 1422 943 1492 conflaverat.

191 1541 367 1610 Veniamus
387 1560 464 1608 vero
481 1538 521 1607 ad
532 1539 814 1627 jucundissimum
831 1537 868 1605 de
883 1537 976 1606 Beris
991 1558 1138 1606 carmen.
1159 1537 1220 1606 llic

144 1656 292 1738 libellus,
303 1677 409 1724 necno
423 1657 447 1723 ii
458 1655 716 1743 quisequuntur,
734 1654 1125 1735 nuneP.Maronis,nnno
1142 1655 1221 1722 Nos·

147 1773 188 1841 tri
204 1793 286 1861 opus
300 1772 396 1840 luere
411 1771 561 1860 judicati.
582 1771 657 1854 Sed,
675 1780 786 1840 nostra
801 1779 908 1853 etate,
925 1770 1068 1838 Ausonio
1085 1769 1149 1838 soli
1161 1769 1220 1837 tri·

144 1887 305 1956 buuntur.
330 1889 393 1956 Res
422 1889 511 1956 enim
531 1888 667 1956 metrica
680 1889 789 1977 potius
805 1887 940 1956 Ausonii
956 1887 1096 1975 tempori
1113 1907 1218 1974 quam

146 2005 240 2088 alteri
259 2004 423 2072 convenit.

189 2121 348 2188 Rosarum
367 2120 437 2188 loca
456 2119 610 2208 quaedam
635 2119 830 2188 suavissima
845 2118 1117 2208 lepidissimaque
1139 2117 1221 2206 jure

153 2235 327 2304 habentur.
351 2238 460 2320 Poeta,
490 2257 548 2325 per
578 2237 711 2304 hortum
727 2256 825 2304 mane
840 2256 966 2318 errans,
985 2244 1092 2303 roseta
1107 2233 1222 2323 adspi-

145 2353 200 2435 cit,
239 2351 530 2441 floresqueeorum
548 2352 685 2433 mirans,
700 2353 867 2420 Aurorane
896 2352 978 2420 rosis
998 2349 1101 2441 rapiat
1116 2350 1219 2417 rubo-

146 2488 230 2551 rem,
260 2490 301 2536 an
321 2468 388 2551 det,
411 2468 551 2537 dubitat.
574 2467 650 2552 Sed,
668 2467 748 2536 dum
765 2467 922 2557 loquitur,
940 2488 1021 2536 rosae
1037 2486 1221 2536 consenes-

146 2592 236 2665 cunt,
254 2584 490 2673 propterquod
505 2585 651 2674 puellam
670 2585 840 2673 alloquens
859 2593 972 2652 auctor
992 2584 1175 2652 exclamat:

217 2778 338 2850 Collige,
357 2778 448 2850 virgo,
465 2795 556 2846 rosas,
572 2779 641 2835 dum
657 2778 711 2837 ilos
726 2794 817 2836 novus
833 2783 862 2835 et
878 2796 952 2837 nova
968 2780 1071 2853 pubes,

216 2877 250 2931 ut
264 2894 378 2933 memor
393 2879 453 2933 esto
468 2893 563 2933 aevum
582 2877 621 2933 sic
636 2895 792 2951 properare
812 2882 909 2935 tuum.
928 2940 931 2949 ,

102 3128 104 3132 ,
146 3053 338 3142 Opusillud,
361 3055 537 3126 excellenti
557 3057 693 3144 ingenio
715 3065 888 3146 poetarum
911 3056 1063 3144 dignum,
1082 3064 1220 3126 senten-

146 3169 266 3237 tiarum
281 3171 404 3260 lepore,
423 3194 638 3241 numerorum
656 3182 838 3256 venustate,
866 3172 1003 3261 aliisque
1031 3173 1096 3241 stili
1112 3172 1218 3243 virtu-

145 3284 233 3353 tibus
248 3285 337 3354 haud
352 3287 451 3356 dubie
466 3288 589 3376 lulget;
608 3309 669 3357 nec
682 3298 794 3356 tamen
810 3287 925 3356 florido
942 3286 1074 3356 dicendi
1091 3307 1220 3376 genere

144 3399 189 3467 ita
209 3401 470 3484 commendatur,
498 3405 578 3491 quin
608 3404 744 3492 gallicus
775 3403 910 3491 quidam
939 3402 1069 3472 celeber
1103 3412 1216 3493 poeta,

146 3513 306 3582 imitando
321 3516 514 3599 Ausonium,
535 3519 760 3587 antecesserit.

193 3629 267 3708 Quae
291 3639 475 3719 sequuntur
499 3632 610 3721 idyllia
637 3633 677 3703 de
704 3634 919 3723 ambiguitate
942 3633 1104 3722 eligendae
1127 3632 1217 3716 vita,

147 3742 275 3813 devino
300 3746 398 3829 bono,
429 3768 465 3814 ac
491 3746 531 3815 de
547 3749 617 3817 aliis
639 3750 857 3839 pythagorica
888 3750 1042 3818 doctrina
1067 3749 1219 3838 partibus

146 3859 343 3929 conduntur.
376 3863 508 3947 Ultima,
546 3863 586 3934 de
615 3865 764 3935 aetatibus
785 3867 979 3935 animalium
1002 3885 1149 3947 carmen,
1185 3874 1219 3932 et

147 3977 351 4045 monosticha
367 3977 408 4046 de
425 3981 580 4049 arumnis
597 3981 756 4055 Herculis,
775 3983 1010 4070 Musarumque
1029 3981 1165 4049 inventa
1185 3989 1220 4048 et
