2730 4926
528 400 704 458 ..15-

228 593 263 604 --
277 563 351 632 Ergo
363 563 594 632 maurataneae,
610 565 641 614 ut
657 560 754 630 qualia
767 563 901 631 tempora
915 559 992 627 vita,

227 659 307 716 Talia
320 659 398 714 etad
412 674 505 714 manes
522 660 578 714 otto
592 659 709 714 Sanctus
723 663 789 726 apat
805 659 826 712 ¹.

281 840 316 850 -
328 807 466 866 Memoria
480 809 556 864 vivat
570 809 723 864 nominum

227 912 298 964 Dum
311 913 413 964 remeat
426 908 508 978 titud,
517 908 622 978 judicis
637 907 706 962 dono
721 909 775 971 Det,

227 1010 376 1062 Commune
389 1022 450 1062 cum
463 1009 511 1062 Dis
528 1007 656 1062 saeclum
671 1008 691 1061 2.

130 1223 300 1302 Praeterea,
318 1241 400 1308 quos
414 1229 508 1287 notos
523 1221 690 1308 paschales
706 1239 817 1288 versus
833 1221 1008 1301 Ausonius,
1024 1221 1059 1287 in
1074 1221 1147 1288 aula

82 1336 175 1424 regia
198 1337 329 1425 hospes,
352 1335 464 1417 edidit,
489 1336 565 1402 iilia
584 1335 702 1403 Christi
724 1334 882 1425 discipulo
899 1346 1026 1403 tantum
1049 1335 1146 1403 condi

82 1460 274 1542 potuerunt.
293 1452 451 1538 Namque,
468 1452 575 1518 inhoc
590 1451 746 1532 carmine,
762 1459 934 1540 poetanon
947 1452 1055 1518 solum
1072 1453 1146 1519 Pas·

83 1566 147 1636 cha
166 1576 199 1636 st
215 1595 227 1629 ι
246 1576 357 1636 sancta
375 1566 534 1635 salutiferi
549 1566 720 1635 sollemnia
733 1567 864 1649 Christi,
883 1593 900 1630 »
920 1567 1147 1636 verumetiam

84 1683 285 1774 Salvatorem
308 1682 639 1771 Redemptoremque,
669 1682 775 1750 filium
799 1683 868 1765 Dei,
897 1703 932 1750 ac
956 1683 1147 1751 Trinitatem

84 1799 238 1868 Sanctam
253 1799 408 1881 celebrat,
425 1799 519 1887 cujus
539 1826 555 1861 a
579 1806 723 1895 terrenas
744 1798 830 1888 apud
845 1820 921 1869 oras
942 1825 958 1861 »
981 1799 1148 1888 specimen

84 1917 121 1984 iu
140 1915 243 1984 trihus
263 1915 419 2002 Augustis
434 1914 571 1982 invenit.
590 1914 667 1993 Quis
683 1923 776 2004 putet
789 1936 955 2004 paganum
977 1916 1147 1984 vocabulo-

84 2051 161 2100 rum
180 2031 221 2099 ad
234 2032 407 2100 historiam
423 2051 548 2099 sacram
567 2031 804 2119 pertinentium
824 2031 1009 2101 studiosum
1024 2032 1147 2100 fuisse?

85 2147 181 2216 Solus
194 2149 390 2216 christianus
406 2168 460 2216 eas
475 2146 613 2215 fundere
627 2167 721 2215 voces
741 2149 847 2237 potuit
865 2153 889 2214 ³.

130 2263 252 2332 lterum
278 2264 413 2352 quidem
429 2284 560 2332 carmen
576 2262 658 2331 iliud
673 2263 808 2332 Ausonii
820 2264 988 2352 proprium
1004 2284 1144 2351 negave-

35 2397 40 2402 ·
84 2387 176 2462 runt,
193 2380 250 2467 qui
269 2389 399 2468 poetam
418 2387 568 2447 nostrum
584 2378 740 2446 falsorum
756 2388 949 2446 sectatorem
968 2380 1145 2447 numinum

85 2495 222 2562 omnino
241 2496 366 2564 volunt.
384 2495 529 2574 Quorum
548 2515 622 2563 vero
639 2495 748 2584 opinio
764 2504 831 2562 tam
847 2517 865 2563 a
880 2496 1013 2564 veritate
1029 2495 1145 2563 ahhor-

83 2619 148 2693 ret,
163 2619 200 2678 ut
214 2612 266 2680 vix
279 2631 414 2681 neccsse
424 2611 467 2678 sit
482 2632 554 2679 eam
570 2611 729 2679 refellam.
745 2614 864 2682 Versus
876 2612 964 2680 enim
975 2611 1146 2681 Paschales

84 2725 128 2793 ad
151 2727 222 2795 haec
242 2726 377 2794 secundi
395 2726 500 2815 idyllii
514 2727 612 2796 verba
630 2726 743 2795 referri
758 2736 908 2816 possunt,
929 2748 1001 2815 quae
1021 2726 1148 2794 dubita-

84 2841 214 2910 tionem
238 2841 357 2911 tollunt
385 2862 518 2911 omnem
554 2865 562 2910 :
592 2871 607 2906 c
636 2846 849 2926 rosaceum,
875 2864 1004 2932 semper
1022 2851 1148 2931 patrem

82 2957 223 3026 colui.»

137 3072 174 3140 In
188 3075 315 3163 grypho
331 3074 463 3143 temarii
479 3076 621 3158 numeri,
637 3075 800 3145 Ausonius
815 3094 928 3144 rursus
947 3073 1026 3143 dicit
1042 3095 1050 3142 :

229 3295 300 3351 Tres
315 3310 454 3351 numerus
467 3312 556 3370 super
570 3296 680 3367 omnia,
695 3303 749 3353 tres
763 3300 835 3353 Deus
849 3312 920 3354 unus
933 3301 956 3352 ⁴.

131 3501 235 3571 Hosce
258 3500 365 3571 adhuc
393 3501 522 3592 scripsit
545 3522 658 3571 versus
683 3502 718 3570 in
745 3502 890 3591 epistolis
919 3501 960 3570 ad
982 3503 1147 3571 rhetorem

79 3617 203 3688 Axium
221 3618 360 3688 Paulum
379 3627 435 3688 aut
453 3617 494 3687 ad
509 3617 652 3688 amicum
665 3619 864 3689 Paulinum:
900 3700 906 3715 .

120 3839 142 3889 t.
157 3837 231 3898 Par„
247 3851 318 3899 mu,
336 3841 373 3890 n.

117 3921 141 3971 2.
158 3919 242 3980 Prot..
258 3933 328 3981 xxm,
344 3921 382 3971 n.

118 3997 248 4065 amyli..
264 4015 283 4054 t.

118 4081 142 4131 t.
156 4077 248 4145 ldyu,
261 4094 299 4141 xi,
317 4082 356 4132 88.
