2730 4926
675 381 851 442 ηο-

232 545 316 614 sonii
338 544 526 614 consulatus
556 563 574 612 o
596 541 788 623 Theodosio,
815 543 961 631 Augusto
989 550 1096 610 creato
1128 550 1231 631 atque
1259 545 1301 612 ad

231 660 409 751 imperium
421 667 546 741 vocato,
561 667 624 727 ete
643 657 865 747 Longobardis
881 658 915 725 in
928 657 1137 727 Occidentem
1148 659 1298 748 primum

231 775 434 846 tentantibus
450 777 611 865 impetum
630 774 858 844 claritudinem
874 775 981 843 traxit.

274 894 314 962 tt
329 913 404 961 vero
425 900 500 982 post
515 901 580 960 tres
607 911 722 973 annos,
749 890 920 960 Gratianus
943 912 961 957 a
980 890 1119 958 Maximo
1141 889 1299 979 Lugduni

232 1009 357 1079 occisus
382 1017 444 1077 est.
470 1006 674 1095 AEgritudine
697 1007 877 1090 contectus,
916 1006 1092 1088 Ausonius,
1121 1006 1299 1075 Theodosii

230 1124 307 1192 licet
320 1122 488 1192 boneficiis
506 1123 540 1190 in
573 1123 647 1192 aula
675 1122 765 1210 regia
798 1120 892 1211 quasi
912 1121 1085 1190 adstrictus
1113 1128 1296 1202 teneretur,

232 1238 438 1307 Trevirorum
448 1239 630 1325 Augustam
640 1237 786 1327 reliquit,
800 1245 833 1306 et
854 1235 1074 1324 Burdigalam,
1089 1237 1124 1304 in
1142 1236 1296 1326 patriam,

233 1381 249 1417 «
266 1352 382 1422 nidum
395 1362 547 1437 senecta,
560 1380 576 1414 »
598 1354 706 1422 rediit.
722 1352 847 1439 Divitiis
863 1353 1014 1434 affluens,
1027 1353 1141 1443 plures
1152 1351 1299 1420 habebat

231 1470 322 1539 villas
344 1469 423 1538 :bic
437 1481 620 1540 extremum
641 1471 712 1538 vitae
729 1490 862 1538 cursum
875 1471 962 1538 inter
974 1470 1091 1550 otium,
1109 1469 1298 1536 Musarum-

233 1606 298 1674 que
313 1586 438 1654 cultum
453 1595 485 1655 et
499 1586 620 1655 amicos
636 1585 850 1675 consumpsit.
866 1583 1059 1653 Educandos
1078 1602 1210 1672 quoque
1236 1604 1299 1677 nc7

232 1707 324 1790 potes
340 1700 483 1768 curabat.
507 1701 681 1769 iuventute
704 1699 810 1768 adhuc
834 1699 967 1782 florens,
996 1719 1131 1767 uxorem
1155 1698 1298 1766 duxerat

234 1807 395 1875 bttusiam
412 1810 576 1874 Lucanam
589 1807 754 1889 Sabinam,
767 1807 912 1875 nobilem
928 1805 1098 1895 aproavis‚
1116 1814 1297 1892 natamque

233 1924 271 1990 A.
301 1926 336 1990 b.
358 1923 487 2004 Talisio‚
516 1921 740 2011 Burdigalensi
766 1931 927 1991 senatore.
958 1922 1084 1990 Attusia
1105 1941 1192 2002 vero,
1218 1941 1297 1989 cum

237 2067 254 2102 a
274 2048 426 2129 septenos
442 2047 556 2126 quater
571 2037 760 2106 decembres
777 2064 794 2099 »
815 2038 976 2127 implevit,
998 2057 1185 2127 supremam
1213 2036 1299 2104 obiit

234 2154 322 2223 diem
349 2157 371 2222 ¹.
411 2157 555 2223 Tandem
578 2155 752 2237 Ausonius,
783 2154 875 2223 senio
901 2154 1027 2237 labans,
1053 2174 1140 2222 anno
1166 2152 1298 2222 circiter

230 2271 452 2341 trecentisimo
467 2272 681 2360 nonagesimo
696 2271 979 2361 quarto‚mortuus
999 2277 1060 2340 est.
1091 2364 1097 2374 Ι

179 2499 187 2518 ·
263 2477 286 2528 t.
302 2477 375 2536 Par,
392 2490 426 2529 rx.
