2730 4926
633 357 808 424 ..r-1..

183 541 326 590 munera
342 521 523 589 continent.
540 520 616 600 Quae
633 523 755 604 omnia,
770 522 894 609 jejunis
913 521 1076 609 aridisque
1090 524 1248 604 versibus

185 639 261 707 sine
275 657 394 708 venere
410 646 538 718 etanta,
561 637 761 705 scribuntur.

594 933 643 989 xl.
657 932 851 1003 llclccarium.

232 1147 438 1236 Eclogarium
464 1147 572 1230 variis,
596 1169 768 1237 perperam
786 1150 929 1218 Ausonio
946 1149 1082 1220 fortasse
1101 1153 1245 1236 tributis,

186 1263 385 1332 carminibus
402 1271 538 1346 constat,
569 1264 702 1351 quaeda
730 1266 808 1332 anni
834 1265 938 1348 fastis,
960 1266 1173 1356 siderumque
1193 1291 1251 1337 au-

186 1397 253 1448 nua
276 1380 467 1448 lustratione
483 1380 527 1446 ita
553 1379 685 1470 illepide
707 1389 739 1448 et
750 1381 874 1449 insulse
891 1390 1042 1465 tractant,
1061 1393 1098 1451 ut
1116 1383 1252 1453 taedium

185 1517 224 1564 er
243 1496 414 1564 invenusta
434 1496 601 1564 mensium
625 1498 769 1585 annique
794 1506 980 1587 temporum
1001 1499 1250 1568 enumeratione

184 1610 275 1679 haud
294 1631 379 1698 aegre
393 1612 590 1680 suboriatur.
613 1613 701 1681 Inter
716 1635 788 1700 quaa
807 1624 918 1683 tamen
938 1615 978 1683 de
998 1615 1086 1684 feriis
1101 1617 1247 1684 romanis

184 1747 302 1817 poema
324 1726 520 1810 notandum,
544 1749 608 1816 quo
628 1738 832 1817 paganorum
856 1730 962 1799 adhuc
986 1741 1100 1820 quarto
1125 1733 1243 1801 saeculo

185 1843 305 1912 servati
323 1845 406 1913 ritus
425 1844 534 1913 forsan
550 1844 747 1914 indicantur.

607 2133 672 2190 ΧΗ.
688 2132 837 2204 Epistola.

233 2401 368 2470 Ausonii
391 2400 535 2491 epistole
552 2401 700 2489 quinque
720 2407 753 2468 et
766 2400 882 2488 viginti
899 2409 1127 2468 numerantur.

233 2517 364 2585 Duabus
374 2518 502 2607 primis,
516 2518 680 2585 Ausonius
694 2537 775 2605 quos
791 2516 880 2584 baud
892 2517 995 2585 semel
1005 2516 1147 2584 libenter
1160 2523 1254 2584 nota-

143 2643 160 2676 ·
187 2635 295 2704 vimus
311 2633 498 2703 domestica
520 2633 685 2702 charitatis
707 2654 836 2717 sensus,
858 2654 971 2702 rursus
987 2642 1076 2701 tanta
1096 2633 1127 2702 vi
1147 2632 1251 2722 expri-

187 2749 260 2833 mit,
290 2758 328 2818 ut
356 2771 527 2838 nunquam
552 2749 669 2838 majori
695 2757 792 2838 atque
821 2749 947 2819 elatiori
976 2749 1092 2839 spiritu
1118 2749 1251 2817 inflatus

187 2886 260 2935 esse
275 2867 370 2935 nobis
397 2865 556 2935 videatur.
572 2867 609 2933 ln
629 2888 694 2935 una
718 2866 820 2950 enim,
841 2865 882 2934 ad
896 2874 1024 2956 patrem
1044 2865 1252 2953 desuscepto

186 2982 254 3051 filio
275 2983 404 3073 scripta,
424 2984 576 3052 eximiam
592 3005 656 3072 qua
671 2983 880 3074 perfunditur
895 2982 1104 3051 dilectionem
1120 2980 1248 3063 exibet;

186 3098 222 3165 in
238 3098 348 3181 altera,
367 3119 443 3167 cum
462 3100 544 3189 ipse,
562 3100 602 3168 iis
632 3100 764 3188 quibus,
780 3100 931 3167 Gratiano
947 3097 1065 3180 occiso,
1090 3095 1249 3164 Maximus

188 3213 366 3304 imperium
382 3225 606 3305 usurpaverat,
625 3193 805 3304 tyrannicis
816 3214 1031 3304 temporibus,
1044 3212 1190 3281 Treveris
1204 3231 1256 3280 re-

187 3330 374 3414 mansisset,
392 3331 478 3400 filius
506 3352 581 3400 vero
601 3333 738 3399 Romam
751 3332 785 3399 in
802 3331 1036 3418 Symmachum
1058 3328 1255 3417 quaesiturus

187 3454 276 3513 esset
286 3446 461 3534 profectus,
485 3446 679 3535 Hesperium
696 3444 784 3534 quod
797 3446 885 3513 solus
906 3444 1038 3513 relictus
1052 3442 1115 3510 fuit
1133 3441 1258 3531 questi-

186 3561 415 3630 buslaccessit.
435 3561 694 3652 Haecpraesertim
706 3560 957 3651 epistolaNostri
975 3561 1010 3629 in
1026 3577 1255 3628 suosamorem

188 3677 351 3768 patefacit,
367 3699 442 3747 cum
459 3679 622 3746 Ausonius
646 3677 832 3768 profugam,
848 3676 1045 3765 quamfilius
1058 3672 1256 3743 conscende-

189 3800 387 3890 rat‚navem
402 3794 503 3862 oculis
528 3814 742 3884 persequens,
769 3814 805 3861 ac
824 3792 935 3860 dolore
955 3793 999 3859 ita
1024 3791 1202 3871 confectus,
1220 3797 1257 3857 ut

189 3908 351 3999 pubentes
368 3910 517 3992 salicum,
535 3909 674 3978 Mosellae
691 3907 778 3999 apud
793 3909 890 3990 rivos,
903 3907 1095 3976 deverberet
1109 3903 1254 3986 frondes,

189 4023 443 4114 gramineosque
461 4026 590 4114 frangat
608 4033 708 4108 toros,
730 4023 925 4094 ostenditur.
949 4023 1053 4102 Quem
1075 4033 1153 4092 tunc
1172 4019 1258 4088 fudit
