2730 4926
599 434 797 506 -lut-

165 609 239 671 tata
254 601 442 684 voluntatis,
455 621 522 669 non
548 608 635 669 certe
650 601 840 670 Christianae
856 602 1025 691 religionis
1037 602 1163 687 odium,
1175 603 1234 674 sed

163 719 273 810 potius
281 717 383 786 nimia
391 724 614 807 queparentes
622 718 927 787 natoscircumdare
935 719 1201 789 solentcharitas.

209 835 370 922 Denique,
393 833 471 902 locis
493 833 692 921 quibusdam
719 834 802 917 aliis,
828 834 952 903 scilicet
975 855 1026 904 vv.
1051 838 1127 919 l06,
1152 839 1228 919 157,

163 953 240 1033 230,
259 954 337 1032 5118,
357 949 447 1018 idem
463 950 534 1018 sine
551 950 772 1019 controversia
788 949 869 1019 adeo
892 951 1116 1034 confirmatur,
1140 960 1177 1020 ut
1190 952 1233 1022 fi-

163 1067 282 1135 denter
297 1086 457 1155 queamus
473 1065 680 1149 concludere,
697 1066 874 1135 Paulinum
889 1088 1033 1156 suosque
1051 1088 1110 1156 per
1127 1075 1230 1136 totam

162 1183 263 1251 vitam
284 1182 486 1251 Christianos
507 1182 683 1265 exstitisse,
715 1182 804 1251 unde
829 1204 962 1272 quoque
984 1183 1103 1252 deduci
1122 1192 1230 1274 potest

161 1299 357 1382 Ausonium,
382 1320 498 1367 eorum
513 1303 696 1382 auctorem,
709 1299 818 1368 eidem
830 1300 984 1388 religioni
1002 1300 1104 1369 fuisse
1120 1299 1229 1369 addic·
1329 1387 1331 1391 ι

162 1422 247 1482 tum.

204 1531 269 1599 Nec
284 1529 479 1599 asententia
492 1531 547 1600 illa
557 1529 755 1613 deturberis,
767 1529 856 1619 quod
866 1531 982 1599 Noster
997 1532 1228 1600 versusGhris-

159 1647 266 1714 tianos
281 1645 367 1737 apud
388 1647 497 1714 aulam
517 1647 625 1714 solum
646 1646 829 1715 condiderit
847 1669 854 1729 ;
876 1667 1021 1735 namque
1046 1652 1079 1715 et
1101 1646 1228 1716 ibidem

158 1762 297 1830 minime
313 1762 508 1831 christianos
520 1783 628 1831 mores
644 1762 825 1831 redelentia
841 1741 1004 1846 carmina,
1015 1762 1140 1833 scilicet
1153 1784 1228 1832 cen·

157 1878 238 1947 sulis
250 1876 414 1965 designati
430 1885 486 1946 aut
499 1877 597 1947 creati
609 1878 982 1961 orationeS,modulatus
993 1887 1058 1962 est;
1073 1887 1158 1962 tum,
1173 1879 1224 1947 in-

156 1993 297 2082 dignans
319 1995 408 2062 haud
436 1996 539 2063 semel
563 2002 663 2082 negat
678 2015 725 2077 se,
746 1995 956 2064 assentatoris
982 1994 1094 2080 mode,
1112 2016 1224 2064 versus

155 2110 345 2198 scripsisse,
359 2118 396 2179 ut
415 2111 449 2177 in
467 2110 621 2179 Centenis
653 2111 854 2200 prelatione,
872 2132 1054 2200 rursusque
1085 2112 1119 2180 in
1140 2112 1225 2202 epis-

155 2226 309 2295 tolaXVll
329 2225 369 2293 ad
390 2226 641 2314 Symmachum.

199 2341 247 2441 lld
272 2362 456 2424 summum,
478 2343 594 2409 Noster
615 2341 717 2430 igitur
741 2342 945 2412 Christianus
970 2343 1044 2426 fuit,
1067 2343 1224 2412 devotiori

154 2475 232 2524 vero
249 2465 375 2525 veteres
401 2466 514 2547 poetas
534 2458 735 2545 illorumque
755 2458 893 2540 fabulas,
924 2467 961 2527 ut
983 2459 1053 2548 jam
1074 2467 1171 2528 antea
1184 2461 1224 2528 li-

153 2571 273 2640 benter
295 2571 373 2656 dixi,
403 2574 494 2641 cultu
510 2580 684 2643 veneratus
707 2582 767 2642 est.
797 2574 890 2653 Quod
916 2575 1122 2665 propositum
1155 2597 1223 2644 non

153 2689 281 2778 planius
294 2681 472 2778 explicabo,
482 2710 582 2778 quam
592 2691 619 2758 si
629 2690 780 2778 quadam
789 2700 966 2782 excerptae
980 2693 1122 2761 litterata
1130 2691 1223 2780 juxta

152 2812 251 2893 atque
268 2812 383 2893 arguta
398 2805 535 2894 epistola
551 2814 663 2894 gratus
688 2808 840 2891 referam,
862 2830 962 2897 quam
978 2808 1220 2877 eruditissimus

152 2921 434 3009 gravissimusque
455 2922 514 3004 vir,
533 2924 570 2990 R.
597 2923 807 3006 bezeimeris,
830 2945 930 3011 quem
955 2932 1123 2993 auctorem
1148 2923 1219 3011 jam

151 3036 269 3125 saepius
289 3037 456 3126 professus
484 3059 572 3120 sum,
596 3037 690 3120 mibi,
720 3058 797 3106 cum
817 3059 878 3124 ego
895 3059 972 3106 eum
993 3060 1066 3126 quae
1092 3039 1155 3108 ista
1177 3039 1218 3106 de

150 3151 329 3239 quaestione
357 3154 493 3221 sentiret
518 3154 588 3244 ipse
610 3155 881 3242 interrogassem,
909 3152 1017 3222 studio
1056 3154 1217 3224 benevolo

150 3268 329 3336 rescribere
343 3267 498 3356 dignatus
514 3281 565 3338 est
579 3292 586 3337 :

606 3520 620 3554 o
640 3501 781 3575 Loupiae,
795 3500 822 3558 le
836 3505 871 3558 25
887 3501 1047 3560 decembre
1065 3501 1143 3558 1884.

193 3650 270 3691 »...
282 3627 428 3715 Lorsque
441 3647 526 3696 neus
543 3648 627 3695 nous
637 3634 851 3717 posonscette
861 3627 1031 3715 question:
1047 3653 1064 3689 «
1080 3627 1214 3695 Ausone

145 3741 263 3808 etait-il
278 3762 384 3830 payen
400 3763 442 3810 ou
462 3743 635 3812 chretien?
652 3770 668 3805 e
686 3745 734 3813 les
745 3743 831 3813 deun
851 3750 971 3812 termes
992 3741 1032 3811 de
1048 3743 1215 3811 l'alterna·

148 3855 210 3924 live
226 3863 417 3945 presentent
431 3880 476 3926 un
492 3880 567 3928 sens
587 3867 645 3928 net
655 3868 685 3928 et
699 3861 825 3929 absolu.
843 3859 921 3927 Mais
933 3880 970 3927 ce
986 3879 1062 3928 sens
1076 3860 1212 3942 resulte,

146 3992 188 4039 en
207 3973 332 4056 realite,
351 3974 392 4042 de
413 3996 448 4043 ce
465 3975 522 4064 qui
542 3977 621 4044 s’est
639 3981 734 4066 passe
759 3976 874 4066 depuis
899 3977 1041 4057 Ausone,
1067 3973 1214 4064 pendant

146 4092 298 4176 quaterne
314 4112 356 4159 ou
386 4091 503 4180 quinze
525 4093 639 4162 siecles
656 4092 696 4161 de
719 4091 913 4162 civilisation
937 4090 1139 4161 chretienne.
1168 4091 1212 4160 Ge
