2730 4926
606 414 781 481 ...39-

156 602 294 670 megum
308 580 477 671 praelatum
497 591 580 662 tum,
600 581 741 649 Mosella
757 591 938 670 conspectae
953 583 1067 653 laudes
1083 606 1102 652 a
1117 586 1223 654 viren-

156 698 199 766 tis
219 697 412 784 silentiaque
437 695 585 763 fluminis
606 715 705 787 cursu
734 704 766 764 et
785 696 996 785 limpidarum
1011 700 1106 788 lapsu
1122 722 1220 789 aqua-

155 835 232 882 rum
254 811 379 902 incipit.
408 812 480 879 Jam
509 810 611 880 varias
636 812 837 899 squamigeri
862 814 972 901 gregis
988 816 1125 904 species,
1150 838 1222 904 quae

154 949 254 997 amne
281 927 423 1009 fluitant,
447 925 639 1015 apricosque
659 926 757 995 colles
773 948 855 1015 quos
871 928 956 995 alma
970 927 1135 997 vindemia
1152 951 1222 999 res-

153 1045 206 1127 tit,
239 1043 441 1133 Naiadasque
472 1050 504 1110 et
530 1051 675 1130 agrestes
700 1043 829 1144 Satyros
871 1054 1006 1131 agentes
1034 1047 1160 1127 choros,
1190 1056 1222 1113 et

151 1161 285 1250 cymbas
304 1159 409 1228 varios
433 1160 586 1228 ineuntes
615 1159 731 1241 ssexuS,
753 1160 920 1247 totiusque
945 1161 1032 1229 orhis
1054 1170 1217 1230 terrarum

152 1275 349 1344 commercia
368 1282 542 1361 gerentes;
568 1282 653 1364 post,
672 1296 731 1362 per
741 1274 833 1354 retia,
853 1275 1031 1344 arundines
1048 1284 1081 1345 et
1104 1279 1220 1346 hamos

151 1391 294 1482 piscium
315 1399 499 1480 capturam;
529 1390 618 1472 dein,
641 1391 745 1463 villas,
763 1392 887 1472 hortos,
909 1393 1071 1480 praetoria,
1089 1393 1220 1461 balnea·

152 1527 233 1595 que;
255 1506 393 1574 flumina
412 1506 555 1593 denique
565 1506 599 1572 in
619 1507 786 1574 Mosellam
800 1505 1006 1574 decurrentia
1031 1529 1217 1576 numerare.

152 1625 247 1704 Tum,
272 1631 367 1711 poeta
389 1623 623 1710 imperatorum
648 1623 824 1703 civitatem,
843 1623 964 1690 aedium
983 1626 1217 1713 prestantiam,

150 1741 353 1827 horreaque
369 1739 636 1825 legionesalunt;
668 1740 833 1826 fulgentes
852 1749 973 1828 patres,
992 1741 1219 1830 populumque

149 1855 259 1923 Martis
290 1854 505 1936 studiosum,
539 1862 572 1922 et
598 1856 739 1922 maxime
769 1854 858 1922 landi
887 1864 1037 1944 potentes
1064 1857 1219 1946 jurisque

149 1971 286 2040 scientia
302 1970 562 2039 consultissimae
578 1972 663 2039 viros
677 1971 841 2060 praedicat.
865 1999 878 2035 c
897 1974 1029 2040 Mosella
1049 1974 1154 2042 Rheni
1183 1974 1218 2040 in

151 2088 250 2156 undis
266 2097 400 2168 sacrata,
424 2114 440 2148 »
463 2089 615 2156 Rhenum
636 2108 780 2176 quoque,
800 2088 856 2175 qui
869 2088 998 2176 imperii
1018 2116 1033 2151 c
1049 2109 1144 2157 verus
1157 2092 1215 2156 ha-

154 2201 254 2268 betur
264 2202 360 2269 limes
384 2229 396 2262 r
419 2209 592 2282 memorat,
618 2221 654 2267 ac
675 2221 711 2268 se
732 2200 822 2282 olim,
840 2222 915 2267 cum
939 2201 1121 2288 Burdigala
1137 2203 1218 2270 otio-

149 2337 202 2384 sos
217 2324 326 2405 carpet
350 2316 432 2398 dies,
450 2316 547 2384 latius
562 2316 741 2398 Mosellam,
757 2317 854 2384 urbes
872 2336 952 2405 quas
969 2316 1214 2400 subterlahitur‚

149 2452 311 2520 agrosque
330 2432 504 2519 Belgarum
523 2428 681 2498 fecundos
698 2439 730 2498 et
740 2430 823 2497 facta
836 2431 1047 2498 memoranda
1062 2431 1216 2500 laudibus

147 2556 399 2638 prosecuturum
425 2546 596 2636 promittit.
627 2545 834 2614 Concludens
859 2546 988 2614 nullum
1022 2546 1089 2614 lere
1107 2547 1215 2614 Galliae

147 2663 288 2734 flurium
312 2663 452 2731 Mosellae
475 2660 743 2751 anteponendum
763 2661 978 2744 demon-strat,
1008 2683 1215 2752 supremam-

148 2801 213 2870 que
229 2781 277 2849 illl
289 2780 390 2847 mittit
405 2779 557 2847 salutem.

193 2897 259 2963 Hoc
280 2905 330 2963 est
341 2895 477 2963 Ausonii
488 2915 633 2975 carmen,
653 2893 753 2982 quod,
772 2894 978 2962 Trevirorum
995 2894 1098 2975 urhis,
1114 2916 1213 2983 quam

146 3033 265 3081 noram
277 3011 377 3079 hahet
389 3013 526 3078 Romam
540 3064 547 3093 ,
561 3009 768 3098 jucunditate
781 3010 926 3089 inflatus,
945 3030 1019 3077 vere
1035 3011 1126 3078 sueri
1142 3032 1214 3098 gra·

146 3131 192 3198 tia
206 3127 354 3197 versibus
373 3127 498 3195 indutis
511 3126 667 3195 condidit.
682 3128 801 3194 Poema
816 3124 910 3208 illud,
924 3126 1096 3193 incitatum
1115 3135 1213 3214 atque

147 3246 293 3332 elegans,
311 3244 433 3312 multos
445 3244 546 3325 loom,
564 3242 780 3310 admiratione
794 3241 884 3308 haud
895 3241 1063 3330 indigum,
1076 3243 1210 3332 prebet,

144 3360 233 3428 inter
245 3381 327 3449 quos
344 3362 568 3449 Nympharum
583 3360 689 3441 lusus,
705 3359 915 3448 piscatusque
943 3359 1210 3448 descriptionem,

145 3486 246 3565 atque
260 3478 442 3566 Hesperum
459 3497 547 3545 seras
573 3477 792 3566 proferentem
816 3475 961 3558 umhraS,
984 3484 1015 3544 et
1037 3482 1211 3544 nautarum

146 3593 336 3676 certamina,
355 3613 431 3660 cum
447 3593 603 3660 Cumanis
619 3591 737 3681 praeliis
758 3591 949 3679 composita,
971 3591 1090 3659 referre
1115 3601 1148 3659 et
1171 3591 1211 3661 de

145 3711 313 3780 nonnuMis
331 3730 434 3801 pauca
447 3709 555 3778 dicere
569 3709 664 3777 nohis
682 3706 854 3776 concedas.

190 3829 272 3896 Cum
297 3828 462 3915 Nymphas
489 3825 643 3914 perlaeta
658 3825 854 3893 insultantes
870 3823 1030 3912 depingit,
1047 3824 1210 3894 Ausonius

144 3964 212 4010 non
232 3944 339 4012 solum
361 3940 488 4029 ingenii
517 3942 704 4008 amoenitate
731 3948 763 4007 et
789 3938 964 4028 spectaculi
987 3937 1207 4026 jucunditate,

144 4075 260 4124 verum
289 4055 389 4123 etiam
418 4052 560 4142 quadam
589 4052 720 4120 dicendi
745 4052 968 4121 moderatione
991 4074 1026 4121 ac
1051 4054 1209 4122 brevitate
