2730 4926
548 406 723 472 ..75-

97 577 295 666 antiquioris
315 573 418 642 aetatis
444 572 628 641 carminum
655 570 840 639 conditores
862 570 981 660 sepius
997 568 1167 638 affectave-

98 704 192 764 runt.
209 695 466 780 Nonnunquam,
494 695 532 757 ut
550 708 624 758 vera
646 687 765 770 dicam,
783 689 844 755 hac
866 706 946 755 usus
974 692 1023 754 est
1044 686 1166 776 perlu-

97 811 183 878 dum
208 808 386 899 poeticum,
413 805 472 875 sed
497 806 580 873 fines
606 804 773 892 legitimos
799 803 948 872 excessit.
966 802 1166 890 Perlongum

98 935 190 997 esset
205 925 315 994 omnia
327 923 535 992 dinumerare
552 921 699 1010 exempla
718 941 725 988 :
745 919 896 1008 quaedam
908 928 1018 988 tamen
1032 917 1165 1006 majoris

96 1042 261 1112 momenti
281 1042 454 1109 afferamus
478 1060 485 1106 τ

147 1162 230 1228 Cum
245 1158 360 1248 capillo
377 1174 581 1245 comparans,
596 1191 639 1202 -
659 1154 763 1243 epigr.
781 1153 877 1234 XVII,
895 1154 927 1220 7.

148 1277 240 1344 Putat
266 1274 405 1364 duplum
436 1271 602 1361 dapesque
635 1270 768 1339 devorat
796 1269 955 1359 duplices,
987 1307 1029 1320 -
1060 1267 1164 1357 epigr.

97 1393 229 1472 CXVII,
248 1395 280 1459 2.

146 1507 240 1575 Melle
259 1506 364 1573 multo
385 1525 479 1573 mens
495 1501 647 1585 madens,
668 1541 711 1552 -
727 1502 810 1592 prol.
827 1501 890 1584 XV,
908 1504 940 1568 2.

146 1622 249 1691 Probe
265 1631 298 1690 et
316 1621 446 1711 pudice,
468 1640 576 1710 parce,
596 1648 639 1668 -·
651 1619 735 1709 prof.
753 1620 805 1688 ill.

147 1738 304 1806 Stabilem
318 1737 430 1805 sortita
449 1735 602 1826 superbia
619 1734 745 1818 sedem,
767 1773 811 1788 ·-
826 1737 903 1804 noh.
922 1736 1010 1819 urb.,
1038 1734 1102 1802 XV.

147 1858 289 1944 Campus
317 1853 457 1922 comitiis
493 1861 529 1920 ut
557 1853 748 1943 conscriptis
776 1853 878 1935 curia,
909 1890 952 1902 -
979 1852 1062 1942 sept.
1094 1871 1163 1939 sap.

96 1973 200 2063 prol,
220 1973 252 2040 9.

146 2089 274 2157 Vanum
290 2086 415 2155 vibrare
437 2088 596 2175 vigorem,
618 2127 660 2138 --
676 2087 768 2176 idyll.
789 2087 843 2170 Vl,
856 2089 911 2153 tt.
1057 2139 1076 2181 0

149 2207 329 2294 Tergenus,
345 2204 555 2292 omnigenus,
569 2206 710 2293 genitor,
729 2204 881 2291 genitrix,
900 2210 1106 2291 generatum,
1124 2240 1166 2252 -

95 2320 195 2409 idyll.
216 2322 272 2405 Xl,
292 2321 350 2389 19.

146 2437 199 2505 Bis
216 2437 328 2507 novies
345 2436 447 2507 denos
468 2436 643 2524 deciesque
658 2456 816 2518 novenos
834 2473 877 2484 -
890 2435 993 2525 Epist.
1012 2435 1049 2517 V,
1066 2436 1099 2502 5.

150 2553 294 2623 ...Habet
306 2561 336 2623 et
358 2574 417 2622 sua
435 2553 530 2622 sibila
542 2573 689 2642 serpens,
705 2591 748 2602 -
767 2552 869 2640 Epist.
886 2553 977 2636 XXV,
1002 2555 1054 2620 l8.

146 2780 188 2847 ll.
204 2779 418 2868 -Antiquos
432 2799 587 2848 veronen
614 2786 726 2869 poetas
742 2781 828 2849 solos
841 2778 1005 2848 Ausonius
1020 2778 1167 2847 imitatus

97 2901 163 2978 est,
184 2894 243 2964 sed
258 2895 356 2965 etiam
374 2895 409 2963 in
421 2895 622 2964 carminibus
641 2897 762 2964 multas
782 2895 1004 2979 classicorum,
1033 2915 1169 2984 praeser-

96 3010 161 3078 tim
179 3011 305 3100 Virgilii
325 3019 422 3100 atque
435 3012 569 3096 Horatii,
590 3013 682 3101 leges
699 3011 839 3081 servavit
856 3032 864 3080 :
889 3013 924 3080 in
941 3032 1005 3100 quo
1031 3009 1168 3080 laudan-

102 3125 165 3196 dus
182 3135 243 3195 est.

146 3243 402 3334 Sicryccopam,
416 3265 530 3313 eorum
540 3244 737 3327 imitatione,
752 3265 824 3313 rara
835 3243 983 3334 quidem,
995 3245 1166 3313 adhibuit:

102 3359 253 3448 Repostis
276 3357 457 3449 (nonore.
479 3341 533 3442 11'1,
552 3360 597 3450 6),
622 3400 664 3410 —
688 3359 871 3429 imitatione
896 3361 985 3447 Virg.
1010 3364 1084 3428 AEn.
1115 3360 1166 3443 Vl,

104 3475 185 3558 6553
200 3476 266 3555 llll,
283 3477 344 3558 263
361 3477 479 3565 Georg.
497 3477 555 3560 lll,
573 3479 650 3546 527.
668 3476 717 3544 Gi.
738 3477 815 3545 Hor.
832 3476 927 3567 epod.
946 3478 996 3560 lll,
1021 3482 1050 3544 1.

150 3590 292 3679 lmposta
308 3589 418 3680 (epist.
436 3593 516 3673 Vlll,
534 3592 579 3680 5),
595 3631 637 3642 -
653 3592 742 3681 Virg.
759 3595 831 3659 AEn.
848 3594 899 3675 lll,
921 3593 998 3661 716.
1011 3631 1054 3642 -
1068 3594 1167 3660 Etc...

149 3744 191 3756 -
203 3707 240 3774 ln
254 3705 401 3797 syoizesi
411 3728 486 3777 vero
503 3708 743 3778 studiosissime
760 3707 986 3798 prestantium
998 3715 1169 3796 poetarum

105 3843 212 3912 genus
233 3832 365 3893 secutus
380 3823 454 3892 luit.
473 3823 627 3904 Quaedam
647 3835 799 3894 notemus
818 3846 825 3892 ε

27 3953 37 3962 ·
150 3931 256 4007 Aur'e'a
270 3937 360 4030 (eph.
379 3960 479 4008 carm.
496 3947 614 4030 postu,
634 3942 700 4026 19),
719 3979 761 3991 -
774 3940 863 4028 Virg.
886 3943 958 4007 AEn.
982 3938 1007 4022 l,
1031 3938 1111 4021 726;
1130 3939 1167 4022 V,

104 4055 187 4138 352;
203 4055 287 4139 Vlll,
306 4056 382 4124 372.
