<?xml version="1.0" encoding="UTF-8"?>
<!DOCTYPE html PUBLIC "-//W3C//DTD XHTML 1.0 Transitional//EN"
    "http://www.w3.org/TR/xhtml1/DTD/xhtml1-transitional.dtd">
<html xmlns="http://www.w3.org/1999/xhtml" xml:lang="en" lang="en">
 <head>
  <title>
</title>
<meta http-equiv="Content-Type" content="text/html;charset=utf-8" />
  <meta name='ocr-system' content='tesseract 3.04.00' />
  <meta name='ocr-capabilities' content='ocr_page ocr_carea ocr_par ocr_line ocrx_word'/>
</head>
<body>
  <div class='ocr_page' id='page_1' title='image "./dedmausoniioper00evergoog_0081.png"; bbox 0 0 2722 4920; ppageno 0'>
   <div class='ocr_carea' id='block_1_1' title="bbox 606 321 782 386">
    <p class='ocr_par' dir='ltr' id='par_1_1' title="bbox 606 321 782 386">
     <span class='ocr_line' id='line_1_1' title="bbox 606 321 782 386; baseline 0.006 -18"><span class='ocrx_word' id='word_1_1' title='bbox 606 321 782 386; x_wconf 69' lang='lat'><strong>„64-</strong></span> 
     </span>
    </p>
   </div>
   <div class='ocr_carea' id='block_1_2' title="bbox 150 490 1231 2458">
    <p class='ocr_par' dir='ltr' id='par_1_2' title="bbox 155 490 1231 1615">
     <span class='ocr_line' id='line_1_2' title="bbox 158 490 1231 583; baseline 0.005 -19"><span class='ocrx_word' id='word_1_2' title='bbox 158 513 275 564; x_wconf 82' lang='lat' dir='ltr'><strong>verum</strong></span> <span class='ocrx_word' id='word_1_3' title='bbox 290 492 392 560; x_wconf 89' lang='lat' dir='ltr'><strong>etiam</strong></span> <span class='ocrx_word' id='word_1_4' title='bbox 405 491 575 574; x_wconf 80' lang='lat' dir='ltr'><strong>vocabula,</strong></span> <span class='ocrx_word' id='word_1_5' title='bbox 593 511 612 559; x_wconf 89' lang='lat' dir='ltr'><strong>e</strong></span> <span class='ocrx_word' id='word_1_6' title='bbox 628 511 735 579; x_wconf 76' lang='lat' dir='ltr'><strong>graeco</strong></span> <span class='ocrx_word' id='word_1_7' title='bbox 748 490 839 559; x_wconf 83' lang='lat' dir='ltr'><strong>fonte</strong></span> <span class='ocrx_word' id='word_1_8' title='bbox 859 501 1002 583; x_wconf 89' lang='lat' dir='ltr'><strong>sumpta,</strong></span> <span class='ocrx_word' id='word_1_9' title='bbox 1020 516 1092 564; x_wconf 93' lang='lat' dir='ltr'><strong>non</strong></span> <span class='ocrx_word' id='word_1_10' title='bbox 1117 507 1231 569; x_wconf 92' lang='lat' dir='ltr'><strong>autem</strong></span> 
     </span>
     <span class='ocr_line' id='line_1_3' title="bbox 159 607 1230 700; baseline 0.007 -21"><span class='ocrx_word' id='word_1_11' title='bbox 159 611 199 679; x_wconf 87' lang='lat' dir='ltr'><strong>ab</strong></span> <span class='ocrx_word' id='word_1_12' title='bbox 219 611 291 678; x_wconf 85' lang='lat' dir='ltr'><strong>aliis</strong></span> <span class='ocrx_word' id='word_1_13' title='bbox 304 617 400 677; x_wconf 91' lang='lat' dir='ltr'><strong>antea</strong></span> <span class='ocrx_word' id='word_1_14' title='bbox 418 607 577 690; x_wconf 88' lang='lat' dir='ltr'><strong>adhibita,</strong></span> <span class='ocrx_word' id='word_1_15' title='bbox 598 608 633 674; x_wconf 96' lang='lat' dir='ltr'><strong>in</strong></span> <span class='ocrx_word' id='word_1_16' title='bbox 651 608 754 676; x_wconf 90' lang='lat' dir='ltr'><strong>latino</strong></span> <span class='ocrx_word' id='word_1_17' title='bbox 765 628 917 677; x_wconf 90' lang='lat' dir='ltr'><strong>sermone</strong></span> <span class='ocrx_word' id='word_1_18' title='bbox 927 613 1112 700; x_wconf 87' lang='lat' dir='ltr'><strong>usurpavit.</strong></span> <span class='ocrx_word' id='word_1_19' title='bbox 1128 617 1230 687; x_wconf 84' lang='lat' dir='ltr'><strong>Nobis</strong></span> 
     </span>
     <span class='ocr_line' id='line_1_4' title="bbox 156 724 1229 814; baseline 0.003 -18"><span class='ocrx_word' id='word_1_20' title='bbox 156 727 253 796; x_wconf 90' lang='lat' dir='ltr'><strong>liceat</strong></span> <span class='ocrx_word' id='word_1_21' title='bbox 266 725 425 794; x_wconf 92' lang='lat' dir='ltr'><strong>nonnulla</strong></span> <span class='ocrx_word' id='word_1_22' title='bbox 437 724 492 793; x_wconf 91' lang='lat' dir='ltr'><strong>hic</strong></span> <span class='ocrx_word' id='word_1_23' title='bbox 510 732 624 792; x_wconf 89' lang='lat' dir='ltr'><strong>notare</strong></span> <span class='ocrx_word' id='word_1_24' title='bbox 645 745 653 791; x_wconf 92' lang='lat'>:</span> <span class='ocrx_word' id='word_1_25' title='bbox 675 724 816 792; x_wconf 76' lang='lat' dir='ltr'><strong>Attubus</strong></span> <span class='ocrx_word' id='word_1_26' title='bbox 831 764 875 775; x_wconf 92' lang='lat'>—</span> <span class='ocrx_word' id='word_1_27' title='bbox 889 727 985 814; x_wconf 80' lang='lat' dir='ltr'><strong>epist.</strong></span> <span class='ocrx_word' id='word_1_28' title='bbox 1003 728 1102 813; x_wconf 88' lang='lat' dir='ltr'><strong>XXII,</strong></span> <span class='ocrx_word' id='word_1_29' title='bbox 1123 733 1158 801; x_wconf 85' lang='grc'><strong>9.</strong></span> <span class='ocrx_word' id='word_1_30' title='bbox 1187 775 1229 785; x_wconf 94' lang='grc'>-</span> 
     </span>
     <span class='ocr_line' id='line_1_5' title="bbox 156 843 1229 934; baseline 0.001 -20"><span class='ocrx_word' id='word_1_31' title='bbox 156 848 239 914; x_wconf 85' lang='lat' dir='ltr'><strong>Cora</strong></span> <span class='ocrx_word' id='word_1_32' title='bbox 251 883 295 895; x_wconf 91' lang='lat'>—</span> <span class='ocrx_word' id='word_1_33' title='bbox 310 845 406 934; x_wconf 84' lang='lat' dir='ltr'><strong>epist.</strong></span> <span class='ocrx_word' id='word_1_34' title='bbox 423 844 507 924; x_wconf 79' lang='lat' dir='ltr'><strong>xvl,</strong></span> <span class='ocrx_word' id='word_1_35' title='bbox 522 843 577 910; x_wconf 81' lang='grc'><strong>60.</strong></span> <span class='ocrx_word' id='word_1_36' title='bbox 590 882 633 893; x_wconf 96' lang='grc'>-</span> <span class='ocrx_word' id='word_1_37' title='bbox 648 843 782 930; x_wconf 61' lang='lat' dir='ltr'><strong>Cynicc,</strong></span> <span class='ocrx_word' id='word_1_38' title='bbox 795 864 829 912; x_wconf 86' lang='lat' dir='ltr'><strong>es</strong></span> <span class='ocrx_word' id='word_1_39' title='bbox 845 882 889 894; x_wconf 92' lang='lat'>—</span> <span class='ocrx_word' id='word_1_40' title='bbox 905 845 1010 933; x_wconf 84' lang='lat' dir='ltr'>epigr.</span> <span class='ocrx_word' id='word_1_41' title='bbox 1028 847 1159 918; x_wconf 83' lang='lat' dir='ltr'><strong>XXVII.</strong></span> <span class='ocrx_word' id='word_1_42' title='bbox 1187 893 1229 903; x_wconf 94' lang='lat'><em>-</em></span> 
     </span>
     <span class='ocr_line' id='line_1_6' title="bbox 157 959 1227 1057; baseline 0.007 -27"><span class='ocrx_word' id='word_1_43' title='bbox 157 964 274 1050; x_wconf 76' lang='lat' dir='ltr'><strong>Cystus</strong></span> <span class='ocrx_word' id='word_1_44' title='bbox 296 999 338 1012; x_wconf 92' lang='lat'>—</span> <span class='ocrx_word' id='word_1_45' title='bbox 369 959 474 1048; x_wconf 82' lang='lat' dir='ltr'>epigr.</span> <span class='ocrx_word' id='word_1_46' title='bbox 491 959 636 1040; x_wconf 87' lang='lat' dir='ltr'><strong>Clllllll,</strong></span> <span class='ocrx_word' id='word_1_47' title='bbox 669 960 702 1025; x_wconf 85' lang='lat'><strong>5.</strong></span> <span class='ocrx_word' id='word_1_48' title='bbox 726 997 770 1008; x_wconf 92' lang='lat'>—</span> <span class='ocrx_word' id='word_1_49' title='bbox 792 960 943 1047; x_wconf 83' lang='lat' dir='ltr'><strong>llyseros,</strong></span> <span class='ocrx_word' id='word_1_50' title='bbox 969 963 1032 1030; x_wconf 92' lang='lat' dir='ltr'><strong>otis</strong></span> <span class='ocrx_word' id='word_1_51' title='bbox 1051 1003 1099 1013; x_wconf 96' lang='lat'>—</span> <span class='ocrx_word' id='word_1_52' title='bbox 1119 968 1227 1057; x_wconf 84' lang='lat' dir='ltr'><strong>epigr.</strong></span> 
     </span>
     <span class='ocr_line' id='line_1_7' title="bbox 155 1076 1227 1168; baseline 0.007 -20"><span class='ocrx_word' id='word_1_53' title='bbox 155 1081 255 1161; x_wconf 82' lang='lat' dir='ltr'><strong>liGll,</strong></span> <span class='ocrx_word' id='word_1_54' title='bbox 273 1085 310 1145; x_wconf 88' lang='lat' dir='ltr'><strong>l.</strong></span> <span class='ocrx_word' id='word_1_55' title='bbox 339 1115 383 1126; x_wconf 90' lang='lat'>—</span> <span class='ocrx_word' id='word_1_56' title='bbox 401 1077 575 1164; x_wconf 89' lang='lat' dir='ltr'><strong>Emporus,</strong></span> <span class='ocrx_word' id='word_1_57' title='bbox 610 1114 653 1125; x_wconf 90' lang='lat'>—</span> <span class='ocrx_word' id='word_1_58' title='bbox 677 1076 762 1165; x_wconf 81' lang='lat' dir='ltr'><strong>epist</strong></span> <span class='ocrx_word' id='word_1_59' title='bbox 785 1078 886 1159; x_wconf 87' lang='lat' dir='ltr'><strong>llllll,</strong></span> <span class='ocrx_word' id='word_1_60' title='bbox 908 1081 963 1146; x_wconf 87' lang='lat'><strong>28.</strong></span> <span class='ocrx_word' id='word_1_61' title='bbox 985 1118 1029 1129; x_wconf 96' lang='lat'>—</span> <span class='ocrx_word' id='word_1_62' title='bbox 1050 1083 1227 1168; x_wconf 76' lang='lat' dir='ltr'><strong>lsosceleS,</strong></span> 
     </span>
     <span class='ocr_line' id='line_1_8' title="bbox 156 1191 1230 1282; baseline -0.009 -19"><span class='ocrx_word' id='word_1_63' title='bbox 156 1235 199 1246; x_wconf 97' lang='lat'><em>-</em></span> <span class='ocrx_word' id='word_1_64' title='bbox 227 1194 322 1282; x_wconf 68' lang='lat' dir='ltr'><strong>Idyll.</strong></span> <span class='ocrx_word' id='word_1_65' title='bbox 345 1194 437 1262; x_wconf 86' lang='lat' dir='ltr'><strong>XIII.</strong></span> <span class='ocrx_word' id='word_1_66' title='bbox 459 1230 502 1241; x_wconf 90' lang='lat'>—</span> <span class='ocrx_word' id='word_1_67' title='bbox 521 1191 695 1282; x_wconf 85' lang='lat' dir='ltr'><strong>Epilropus</strong></span> <span class='ocrx_word' id='word_1_68' title='bbox 715 1231 758 1241; x_wconf 92' lang='lat'>-</span> <span class='ocrx_word' id='word_1_69' title='bbox 778 1193 874 1280; x_wconf 82' lang='lat' dir='ltr'><strong>epist.</strong></span> <span class='ocrx_word' id='word_1_70' title='bbox 898 1195 999 1278; x_wconf 87' lang='lat' dir='ltr'><strong>XIIII,</strong></span> <span class='ocrx_word' id='word_1_71' title='bbox 1028 1199 1063 1264; x_wconf 87' lang='grc'><strong>2.</strong></span> <span class='ocrx_word' id='word_1_72' title='bbox 1082 1238 1130 1248; x_wconf 91' lang='grc'><strong>-</strong></span> <span class='ocrx_word' id='word_1_73' title='bbox 1146 1203 1230 1270; x_wconf 89' lang='lat' dir='ltr'><strong>Len.</strong></span> 
     </span>
     <span class='ocr_line' id='line_1_9' title="bbox 155 1306 1229 1402; baseline 0.005 -22"><span class='ocrx_word' id='word_1_74' title='bbox 155 1318 304 1393; x_wconf 90' lang='lat' dir='ltr'><strong>conotus,</strong></span> <span class='ocrx_word' id='word_1_75' title='bbox 332 1347 374 1360; x_wconf 91' lang='lat'>—</span> <span class='ocrx_word' id='word_1_76' title='bbox 403 1309 514 1377; x_wconf 90' lang='lat' dir='ltr'><strong>techn.</strong></span> <span class='ocrx_word' id='word_1_77' title='bbox 541 1306 582 1375; x_wconf 92' lang='lat' dir='ltr'><strong>de</strong></span> <span class='ocrx_word' id='word_1_78' title='bbox 611 1307 693 1391; x_wconf 89' lang='lat' dir='ltr'><strong>deis,</strong></span> <span class='ocrx_word' id='word_1_79' title='bbox 724 1313 775 1376; x_wconf 72' lang='lat' dir='ltr'><strong>la.</strong></span> <span class='ocrx_word' id='word_1_80' title='bbox 800 1348 844 1359; x_wconf 91' lang='lat'>-</span> <span class='ocrx_word' id='word_1_81' title='bbox 886 1311 1053 1396; x_wconf 84' lang='lat' dir='ltr'><strong>Saelenus,</strong></span> <span class='ocrx_word' id='word_1_82' title='bbox 1088 1337 1122 1399; x_wconf 92' lang='lat' dir='ltr'><strong>a,</strong></span> <span class='ocrx_word' id='word_1_83' title='bbox 1156 1339 1229 1402; x_wconf 93' lang='lat' dir='ltr'><strong>um,</strong></span> 
     </span>
     <span class='ocr_line' id='line_1_10' title="bbox 157 1427 1229 1519; baseline 0.007 -23"><span class='ocrx_word' id='word_1_84' title='bbox 157 1469 199 1480; x_wconf 92' lang='lat'>—</span> <span class='ocrx_word' id='word_1_85' title='bbox 218 1428 310 1517; x_wconf 84' lang='lat' dir='ltr'><strong>idyll.</strong></span> <span class='ocrx_word' id='word_1_86' title='bbox 341 1429 434 1507; x_wconf 83' lang='lat' dir='ltr'><strong>lilll,</strong></span> <span class='ocrx_word' id='word_1_87' title='bbox 452 1448 501 1516; x_wconf 92' lang='lat' dir='ltr'><strong>pr.</strong></span> <span class='ocrx_word' id='word_1_88' title='bbox 527 1465 569 1475; x_wconf 93' lang='lat'>—</span> <span class='ocrx_word' id='word_1_89' title='bbox 589 1427 749 1507; x_wconf 86' lang='lat' dir='ltr'><strong>Tbrenus,</strong></span> <span class='ocrx_word' id='word_1_90' title='bbox 771 1427 782 1493; x_wconf 96' lang='lat' dir='ltr'><strong>i</strong></span> <span class='ocrx_word' id='word_1_91' title='bbox 801 1466 844 1476; x_wconf 88' lang='lat'>—</span> <span class='ocrx_word' id='word_1_92' title='bbox 863 1427 946 1517; x_wconf 87' lang='lat' dir='ltr'><strong>prol.</strong></span> <span class='ocrx_word' id='word_1_93' title='bbox 963 1429 1001 1511; x_wconf 88' lang='lat' dir='ltr'><strong>V,</strong></span> <span class='ocrx_word' id='word_1_94' title='bbox 1024 1430 1058 1497; x_wconf 89' lang='lat'><strong>3.</strong></span> <span class='ocrx_word' id='word_1_95' title='bbox 1081 1471 1129 1482; x_wconf 93' lang='lat'>—</span> <span class='ocrx_word' id='word_1_96' title='bbox 1149 1442 1229 1519; x_wconf 83' lang='lat' dir='ltr'><strong>etc,</strong></span> 
     </span>
     <span class='ocr_line' id='line_1_11' title="bbox 156 1555 218 1615; baseline -0.016 0"><span class='ocrx_word' id='word_1_97' title='bbox 156 1555 218 1615; x_wconf 91' lang='lat' dir='ltr'><strong>etc.</strong></span> 
     </span>
    </p>

    <p class='ocr_par' dir='ltr' id='par_1_3' title="bbox 154 1660 1231 1990">
     <span class='ocr_line' id='line_1_12' title="bbox 199 1660 1231 1756; baseline 0.01 -26"><span class='ocrx_word' id='word_1_98' title='bbox 199 1664 442 1750; x_wconf 85' lang='lat' dir='ltr'><strong>Nonnunquam</strong></span> <span class='ocrx_word' id='word_1_99' title='bbox 455 1660 619 1728; x_wconf 76' lang='lat' dir='ltr'><strong>Ausonius</strong></span> <span class='ocrx_word' id='word_1_100' title='bbox 635 1661 769 1730; x_wconf 88' lang='lat' dir='ltr'><strong>vocibus</strong></span> <span class='ocrx_word' id='word_1_101' title='bbox 788 1683 806 1730; x_wconf 91' lang='lat' dir='ltr'><strong>e</strong></span> <span class='ocrx_word' id='word_1_102' title='bbox 827 1682 932 1750; x_wconf 85' lang='lat' dir='ltr'><strong>graeco</strong></span> <span class='ocrx_word' id='word_1_103' title='bbox 952 1664 1129 1756; x_wconf 89' lang='lat' dir='ltr'><strong>latinoque</strong></span> <span class='ocrx_word' id='word_1_104' title='bbox 1156 1671 1231 1739; x_wconf 87' lang='lat' dir='ltr'><strong>fon-</strong></span> 
     </span>
     <span class='ocr_line' id='line_1_13' title="bbox 154 1776 1226 1872; baseline 0.007 -24"><span class='ocrx_word' id='word_1_105' title='bbox 154 1780 242 1848; x_wconf 87' lang='lat' dir='ltr'><strong>tibus</strong></span> <span class='ocrx_word' id='word_1_106' title='bbox 258 1779 358 1847; x_wconf 92' lang='lat' dir='ltr'><strong>simul</strong></span> <span class='ocrx_word' id='word_1_107' title='bbox 374 1776 510 1846; x_wconf 89' lang='lat' dir='ltr'><strong>detortis</strong></span> <span class='ocrx_word' id='word_1_108' title='bbox 528 1798 608 1846; x_wconf 91' lang='lat' dir='ltr'><strong>usus</strong></span> <span class='ocrx_word' id='word_1_109' title='bbox 623 1788 685 1846; x_wconf 91' lang='lat' dir='ltr'><strong>est.</strong></span> <span class='ocrx_word' id='word_1_110' title='bbox 712 1780 763 1847; x_wconf 80' lang='lat' dir='ltr'><strong>SIc</strong></span> <span class='ocrx_word' id='word_1_111' title='bbox 781 1801 789 1847; x_wconf 93' lang='lat'>:</span> <span class='ocrx_word' id='word_1_112' title='bbox 806 1779 955 1870; x_wconf 83' lang='lat' dir='ltr'><strong>furippus</strong></span> <span class='ocrx_word' id='word_1_113' title='bbox 981 1783 1104 1872; x_wconf 86' lang='lat' dir='ltr'><strong>(epigr.</strong></span> <span class='ocrx_word' id='word_1_114' title='bbox 1130 1789 1226 1872; x_wconf 81' lang='lat' dir='ltr'><strong>CXV,</strong></span> 
     </span>
     <span class='ocr_line' id='line_1_14' title="bbox 154 1893 1081 1990; baseline 0.003 -25"><span class='ocrx_word' id='word_1_115' title='bbox 154 1899 194 1987; x_wconf 88' lang='lat'><strong>1),</strong></span> <span class='ocrx_word' id='word_1_116' title='bbox 210 1895 428 1985; x_wconf 80' lang='lat' dir='ltr'><strong>myobarbum</strong></span> <span class='ocrx_word' id='word_1_117' title='bbox 444 1893 562 1984; x_wconf 80' lang='lat' dir='ltr'><strong>(epigr.</strong></span> <span class='ocrx_word' id='word_1_118' title='bbox 578 1896 675 1963; x_wconf 80' lang='lat' dir='ltr'><strong>XXIII</strong></span> <span class='ocrx_word' id='word_1_119' title='bbox 681 1919 688 1977; x_wconf 94' lang='grc'>;</span> <span class='ocrx_word' id='word_1_120' title='bbox 704 1895 744 1964; x_wconf 92' lang='lat' dir='ltr'><strong>de</strong></span> <span class='ocrx_word' id='word_1_121' title='bbox 760 1898 821 1965; x_wconf 95' lang='lat' dir='ltr'><strong>hoc</strong></span> <span class='ocrx_word' id='word_1_122' title='bbox 840 1897 882 1965; x_wconf 88' lang='lat' dir='ltr'><strong>cl.</strong></span> <span class='ocrx_word' id='word_1_123' title='bbox 897 1896 1081 1990; x_wconf 75' lang='lat' dir='ltr'><strong>Addenda).</strong></span> 
     </span>
    </p>

    <p class='ocr_par' dir='ltr' id='par_1_4' title="bbox 150 2011 1226 2458">
     <span class='ocr_line' id='line_1_15' title="bbox 198 2011 1224 2103; baseline 0.009 -23"><span class='ocrx_word' id='word_1_124' title='bbox 198 2015 331 2083; x_wconf 89' lang='lat' dir='ltr'><strong>Formas</strong></span> <span class='ocrx_word' id='word_1_125' title='bbox 339 2031 459 2100; x_wconf 81' lang='lat' dir='ltr'><strong>graecas</strong></span> <span class='ocrx_word' id='word_1_126' title='bbox 473 2011 508 2078; x_wconf 81' lang='lat' dir='ltr'><strong>ln</strong></span> <span class='ocrx_word' id='word_1_127' title='bbox 521 2011 665 2079; x_wconf 92' lang='lat' dir='ltr'><strong>secunda</strong></span> <span class='ocrx_word' id='word_1_128' title='bbox 675 2013 892 2082; x_wconf 81' lang='lat' dir='ltr'><strong>declinatione</strong></span> <span class='ocrx_word' id='word_1_129' title='bbox 903 2035 1035 2103; x_wconf 90' lang='lat' dir='ltr'><strong>quoque</strong></span> <span class='ocrx_word' id='word_1_130' title='bbox 1048 2017 1224 2090; x_wconf 81' lang='lat' dir='ltr'><strong>adhibuit:</strong></span> 
     </span>
     <span class='ocr_line' id='line_1_16' title="bbox 152 2128 1226 2217; baseline 0.007 -20"><span class='ocrx_word' id='word_1_131' title='bbox 152 2128 272 2210; x_wconf 83' lang='lat' dir='ltr'><strong>vincio,</strong></span> <span class='ocrx_word' id='word_1_132' title='bbox 294 2129 425 2210; x_wconf 92' lang='lat' dir='ltr'><strong>bonoio,</strong></span> <span class='ocrx_word' id='word_1_133' title='bbox 443 2128 635 2217; x_wconf 88' lang='lat' dir='ltr'><strong>campoisin,</strong></span> <span class='ocrx_word' id='word_1_134' title='bbox 649 2137 788 2216; x_wconf 62' lang='lat' dir='ltr'><strong>queant</strong></span> <span class='ocrx_word' id='word_1_135' title='bbox 799 2130 869 2217; x_wconf 84' lang='lat' dir='ltr'><strong>ipse</strong></span> <span class='ocrx_word' id='word_1_136' title='bbox 884 2128 1015 2212; x_wconf 88' lang='lat' dir='ltr'><strong>fatetur,</strong></span> <span class='ocrx_word' id='word_1_137' title='bbox 1036 2152 1226 2204; x_wconf 87' lang='lat' dir='ltr'><strong>«sermone</strong></span> 
     </span>
     <span class='ocr_line' id='line_1_17' title="bbox 150 2243 1225 2335; baseline 0.007 -23"><span class='ocrx_word' id='word_1_138' title='bbox 150 2245 266 2313; x_wconf 83' lang='lat' dir='ltr'><strong>alludit</strong></span> <span class='ocrx_word' id='word_1_139' title='bbox 279 2244 434 2331; x_wconf 86' lang='lat' dir='ltr'><strong>biIIngui,</strong></span> <span class='ocrx_word' id='word_1_140' title='bbox 456 2269 472 2304; x_wconf 87' lang='lat'>»</span> <span class='ocrx_word' id='word_1_141' title='bbox 491 2243 600 2331; x_wconf 91' lang='lat' dir='ltr'><strong>(epist.</strong></span> <span class='ocrx_word' id='word_1_142' title='bbox 622 2245 704 2335; x_wconf 85' lang='lat' dir='ltr'><strong>llll).</strong></span> <span class='ocrx_word' id='word_1_143' title='bbox 723 2246 842 2313; x_wconf 88' lang='lat' dir='ltr'><strong>Nereos</strong></span> <span class='ocrx_word' id='word_1_144' title='bbox 862 2254 895 2313; x_wconf 86' lang='lat' dir='ltr'><strong>et</strong></span> <span class='ocrx_word' id='word_1_145' title='bbox 907 2246 1014 2328; x_wconf 90' lang='lat' dir='ltr'><strong>Nerei,</strong></span> <span class='ocrx_word' id='word_1_146' title='bbox 1032 2249 1173 2318; x_wconf 88' lang='lat' dir='ltr'><strong>Nestora</strong></span> <span class='ocrx_word' id='word_1_147' title='bbox 1188 2262 1225 2320; x_wconf 90' lang='lat' dir='ltr'><strong>et</strong></span> 
     </span>
     <span class='ocr_line' id='line_1_18' title="bbox 150 2358 1223 2458; baseline 0.007 -32"><span class='ocrx_word' id='word_1_148' title='bbox 150 2362 331 2444; x_wconf 84' lang='lat' dir='ltr'><strong>Nestorem,</strong></span> <span class='ocrx_word' id='word_1_149' title='bbox 349 2359 460 2428; x_wconf 80' lang='lat' dir='ltr'><strong>Alcida</strong></span> <span class='ocrx_word' id='word_1_150' title='bbox 474 2358 591 2447; x_wconf 89' lang='lat' dir='ltr'><strong>(epigr.</strong></span> <span class='ocrx_word' id='word_1_151' title='bbox 607 2361 728 2441; x_wconf 63' lang='lat' dir='ltr'><strong>alvu,</strong></span> <span class='ocrx_word' id='word_1_152' title='bbox 746 2362 791 2451; x_wconf 89' lang='grc'><strong>3),</strong></span> <span class='ocrx_word' id='word_1_153' title='bbox 811 2364 950 2429; x_wconf 84' lang='lat' dir='ltr'><strong>Leucate</strong></span> <span class='ocrx_word' id='word_1_154' title='bbox 965 2361 1070 2451; x_wconf 80' lang='lat' dir='ltr'><strong>(idyll.</strong></span> <span class='ocrx_word' id='word_1_155' title='bbox 1089 2366 1145 2448; x_wconf 91' lang='lat' dir='ltr'><strong>VI,</strong></span> <span class='ocrx_word' id='word_1_156' title='bbox 1164 2368 1223 2458; x_wconf 69' lang='lat'><strong>24)</strong></span> 
     </span>
    </p>
   </div>
   <div class='ocr_carea' id='block_1_3' title="bbox 19 2464 1217 2569">
    <p class='ocr_par' dir='ltr' id='par_1_5' title="bbox 19 2464 1217 2569">
     <span class='ocr_line' id='line_1_19' title="bbox 19 2464 1217 2569; baseline 0.004 -24"><span class='ocrx_word' id='word_1_157' title='bbox 19 2464 23 2474; x_wconf 72' lang='grc'>’</span> <span class='ocrx_word' id='word_1_158' title='bbox 148 2481 334 2569; x_wconf 90' lang='lat' dir='ltr'><strong>promiscue</strong></span> <span class='ocrx_word' id='word_1_159' title='bbox 353 2478 493 2567; x_wconf 86' lang='lat' dir='ltr'><strong>scripsit.</strong></span> <span class='ocrx_word' id='word_1_160' title='bbox 514 2480 648 2567; x_wconf 76' lang='lat' dir='ltr'><strong>llython</strong></span> <span class='ocrx_word' id='word_1_161' title='bbox 665 2477 761 2569; x_wconf 86' lang='lat' dir='ltr'><strong>(prof.</strong></span> <span class='ocrx_word' id='word_1_162' title='bbox 776 2478 858 2560; x_wconf 77' lang='lat' dir='ltr'><strong>lllll,</strong></span> <span class='ocrx_word' id='word_1_163' title='bbox 877 2477 931 2567; x_wconf 81' lang='lat'><strong>26)</strong></span> <span class='ocrx_word' id='word_1_164' title='bbox 948 2486 981 2545; x_wconf 91' lang='lat' dir='ltr'><strong>et</strong></span> <span class='ocrx_word' id='word_1_165' title='bbox 994 2480 1217 2550; x_wconf 86' lang='lat' dir='ltr'><strong>choriambon</strong></span> 
     </span>
    </p>
   </div>
   <div class='ocr_carea' id='block_1_4' title="bbox 141 2594 1223 4085">
    <p class='ocr_par' dir='ltr' id='par_1_6' title="bbox 149 2594 734 2685">
     <span class='ocr_line' id='line_1_20' title="bbox 149 2594 734 2685; baseline -0.007 -21"><span class='ocrx_word' id='word_1_166' title='bbox 149 2595 257 2685; x_wconf 87' lang='lat' dir='ltr'><strong>(epist.</strong></span> <span class='ocrx_word' id='word_1_167' title='bbox 276 2594 328 2677; x_wconf 89' lang='lat' dir='ltr'><strong>IV,</strong></span> <span class='ocrx_word' id='word_1_168' title='bbox 351 2594 405 2684; x_wconf 85' lang='grc'><strong>93)</strong></span> <span class='ocrx_word' id='word_1_169' title='bbox 426 2615 558 2683; x_wconf 92' lang='lat' dir='ltr'><strong>quoque</strong></span> <span class='ocrx_word' id='word_1_170' title='bbox 578 2595 734 2662; x_wconf 88' lang='lat' dir='ltr'><strong>notanda.</strong></span> 
     </span>
    </p>

    <p class='ocr_par' dir='ltr' id='par_1_7' title="bbox 145 2688 1223 2898">
     <span class='ocr_line' id='line_1_21' title="bbox 191 2688 1223 2798; baseline 0.006 -20"><span class='ocrx_word' id='word_1_171' title='bbox 191 2712 352 2798; x_wconf 85' lang='lat' dir='ltr'><strong>Denique,</strong></span> <span class='ocrx_word' id='word_1_172' title='bbox 366 2712 530 2779; x_wconf 76' lang='lat' dir='ltr'><strong>Ausonius</strong></span> <span class='ocrx_word' id='word_1_173' title='bbox 543 2733 610 2780; x_wconf 91' lang='lat' dir='ltr'><strong>non</strong></span> <span class='ocrx_word' id='word_1_174' title='bbox 628 2711 790 2779; x_wconf 87' lang='lat' dir='ltr'><strong>dubitavit</strong></span> <span class='ocrx_word' id='word_1_175' title='bbox 803 2712 925 2778; x_wconf 87' lang='lat' dir='ltr'><strong>multas</strong></span> <span class='ocrx_word' id='word_1_176' title='bbox 941 2688 1128 2781; x_wconf 68' lang='lat' dir='ltr'><strong>Gracorum</strong></span> <span class='ocrx_word' id='word_1_177' title='bbox 1148 2736 1223 2784; x_wconf 85' lang='lat' dir='ltr'><strong>ver-</strong></span> 
     </span>
     <span class='ocr_line' id='line_1_22' title="bbox 145 2815 1074 2898; baseline -0.001 0"><span class='ocrx_word' id='word_1_178' title='bbox 145 2828 264 2898; x_wconf 91' lang='lat' dir='ltr'><strong>borum</strong></span> <span class='ocrx_word' id='word_1_179' title='bbox 279 2829 538 2898; x_wconf 88' lang='lat' dir='ltr'><strong>constructiones</strong></span> <span class='ocrx_word' id='word_1_180' title='bbox 554 2831 588 2896; x_wconf 94' lang='lat' dir='ltr'><strong>in</strong></span> <span class='ocrx_word' id='word_1_181' title='bbox 604 2815 706 2897; x_wconf 89' lang='lat' dir='ltr'><strong>latino</strong></span> <span class='ocrx_word' id='word_1_182' title='bbox 722 2849 874 2896; x_wconf 89' lang='lat' dir='ltr'><strong>sermone</strong></span> <span class='ocrx_word' id='word_1_183' title='bbox 890 2829 1074 2898; x_wconf 84' lang='lat' dir='ltr'><strong>admittere.</strong></span> 
     </span>
    </p>

    <p class='ocr_par' dir='ltr' id='par_1_8' title="bbox 141 2945 1218 4085">
     <span class='ocr_line' id='line_1_23' title="bbox 189 2945 1218 3035; baseline 0.006 -23"><span class='ocrx_word' id='word_1_184' title='bbox 189 2948 283 3029; x_wconf 86' lang='lat' dir='ltr'><strong>Tum,</strong></span> <span class='ocrx_word' id='word_1_185' title='bbox 305 2946 414 3014; x_wconf 76' lang='lat' dir='ltr'><strong>latiniS</strong></span> <span class='ocrx_word' id='word_1_186' title='bbox 429 2946 654 3035; x_wconf 64' lang='lat' dir='ltr'><strong>scriptoribus</strong></span> <span class='ocrx_word' id='word_1_187' title='bbox 673 2945 819 3034; x_wconf 92' lang='lat' dir='ltr'><strong>pedestri</strong></span> <span class='ocrx_word' id='word_1_188' title='bbox 834 2966 988 3014; x_wconf 90' lang='lat' dir='ltr'><strong>sermone</strong></span> <span class='ocrx_word' id='word_1_189' title='bbox 1004 2955 1061 3015; x_wconf 91' lang='lat' dir='ltr'><strong>aut</strong></span> <span class='ocrx_word' id='word_1_190' title='bbox 1075 2950 1218 3018; x_wconf 90' lang='lat' dir='ltr'><strong>metrica</strong></span> 
     </span>
     <span class='ocr_line' id='line_1_24' title="bbox 143 3061 1216 3152; baseline 0.005 -23"><span class='ocrx_word' id='word_1_191' title='bbox 143 3062 258 3151; x_wconf 93' lang='lat' dir='ltr'><strong>lingua</strong></span> <span class='ocrx_word' id='word_1_192' title='bbox 271 3063 452 3146; x_wconf 88' lang='lat' dir='ltr'><strong>utentibus,</strong></span> <span class='ocrx_word' id='word_1_193' title='bbox 466 3084 533 3131; x_wconf 93' lang='lat' dir='ltr'><strong>non</strong></span> <span class='ocrx_word' id='word_1_194' title='bbox 547 3063 658 3130; x_wconf 91' lang='lat' dir='ltr'><strong>minus</strong></span> <span class='ocrx_word' id='word_1_195' title='bbox 680 3071 755 3151; x_wconf 93' lang='lat' dir='ltr'><strong>apte</strong></span> <span class='ocrx_word' id='word_1_196' title='bbox 770 3061 909 3130; x_wconf 87' lang='lat' dir='ltr'><strong>studuit.</strong></span> <span class='ocrx_word' id='word_1_197' title='bbox 928 3062 1067 3152; x_wconf 87' lang='lat' dir='ltr'><strong>Ubique,</strong></span> <span class='ocrx_word' id='word_1_198' title='bbox 1095 3063 1131 3129; x_wconf 92' lang='lat' dir='ltr'><strong>in</strong></span> <span class='ocrx_word' id='word_1_199' title='bbox 1148 3065 1216 3134; x_wconf 86' lang='lat' dir='ltr'><strong>iIIIs</strong></span> 
     </span>
     <span class='ocr_line' id='line_1_25' title="bbox 144 3177 1217 3268; baseline 0.005 -23"><span class='ocrx_word' id='word_1_200' title='bbox 144 3177 324 3268; x_wconf 80' lang='lat' dir='ltr'><strong>presertim</strong></span> <span class='ocrx_word' id='word_1_201' title='bbox 344 3179 557 3262; x_wconf 88' lang='lat' dir='ltr'><strong>carminibus,</strong></span> <span class='ocrx_word' id='word_1_202' title='bbox 577 3200 649 3268; x_wconf 84' lang='lat' dir='ltr'><strong>quae</strong></span> <span class='ocrx_word' id='word_1_203' title='bbox 664 3180 824 3266; x_wconf 81' lang='lat' dir='ltr'><strong>mythicas</strong></span> <span class='ocrx_word' id='word_1_204' title='bbox 836 3177 960 3247; x_wconf 83' lang='lat' dir='ltr'><strong>fabulas</strong></span> <span class='ocrx_word' id='word_1_205' title='bbox 976 3188 1120 3262; x_wconf 89' lang='lat' dir='ltr'><strong>narrant,</strong></span> <span class='ocrx_word' id='word_1_206' title='bbox 1138 3202 1217 3250; x_wconf 90' lang='lat' dir='ltr'><strong>eru·</strong></span> 
     </span>
     <span class='ocr_line' id='line_1_26' title="bbox 144 3295 1211 3378; baseline 0.005 -17"><span class='ocrx_word' id='word_1_207' title='bbox 144 3295 224 3362; x_wconf 93' lang='lat' dir='ltr'><strong>ditio</strong></span> <span class='ocrx_word' id='word_1_208' title='bbox 246 3295 302 3362; x_wconf 94' lang='lat' dir='ltr'><strong>illa</strong></span> <span class='ocrx_word' id='word_1_209' title='bbox 316 3295 498 3364; x_wconf 81' lang='lat' dir='ltr'><strong>exhibetur.</strong></span> <span class='ocrx_word' id='word_1_210' title='bbox 515 3297 593 3363; x_wconf 87' lang='lat' dir='ltr'><strong>Tam</strong></span> <span class='ocrx_word' id='word_1_211' title='bbox 609 3295 768 3363; x_wconf 83' lang='lat' dir='ltr'><strong>familiare</strong></span> <span class='ocrx_word' id='word_1_212' title='bbox 783 3316 860 3363; x_wconf 93' lang='lat' dir='ltr'><strong>cum</strong></span> <span class='ocrx_word' id='word_1_213' title='bbox 883 3296 918 3362; x_wconf 93' lang='lat' dir='ltr'><strong>P.</strong></span> <span class='ocrx_word' id='word_1_214' title='bbox 932 3295 1075 3377; x_wconf 87' lang='lat' dir='ltr'><strong>Marone,</strong></span> <span class='ocrx_word' id='word_1_215' title='bbox 1098 3305 1157 3364; x_wconf 87' lang='lat' dir='ltr'><strong>aut</strong></span> <span class='ocrx_word' id='word_1_216' title='bbox 1173 3298 1211 3378; x_wconf 84' lang='lat' dir='ltr'><strong>Q.</strong></span> 
     </span>
     <span class='ocr_line' id='line_1_27' title="bbox 144 3411 1215 3495; baseline 0.005 -19"><span class='ocrx_word' id='word_1_217' title='bbox 144 3411 269 3492; x_wconf 90' lang='lat' dir='ltr'><strong>Flacco,</strong></span> <span class='ocrx_word' id='word_1_218' title='bbox 285 3411 336 3480; x_wconf 84' lang='lat' dir='ltr'><strong>vel</strong></span> <span class='ocrx_word' id='word_1_219' title='bbox 351 3411 507 3493; x_wconf 87' lang='lat' dir='ltr'><strong>Vitruvio,</strong></span> <span class='ocrx_word' id='word_1_220' title='bbox 517 3411 567 3480; x_wconf 88' lang='lat' dir='ltr'><strong>vel</strong></span> <span class='ocrx_word' id='word_1_221' title='bbox 579 3411 696 3493; x_wconf 93' lang='lat' dir='ltr'><strong>Plinio,</strong></span> <span class='ocrx_word' id='word_1_222' title='bbox 714 3411 912 3494; x_wconf 87' lang='lat' dir='ltr'><strong>autSeneca‚</strong></span> <span class='ocrx_word' id='word_1_223' title='bbox 924 3415 1131 3495; x_wconf 89' lang='lat' dir='ltr'><strong>autLucano,</strong></span> <span class='ocrx_word' id='word_1_224' title='bbox 1141 3414 1215 3481; x_wconf 88' lang='lat' dir='ltr'><strong>Sta-</strong></span> 
     </span>
     <span class='ocr_line' id='line_1_28' title="bbox 142 3527 1213 3616; baseline 0.006 -22"><span class='ocrx_word' id='word_1_225' title='bbox 142 3527 227 3597; x_wconf 86' lang='lat' dir='ltr'><strong>tiove</strong></span> <span class='ocrx_word' id='word_1_226' title='bbox 243 3536 299 3595; x_wconf 90' lang='lat' dir='ltr'><strong>ant</strong></span> <span class='ocrx_word' id='word_1_227' title='bbox 310 3527 418 3595; x_wconf 89' lang='lat' dir='ltr'><strong>Persio</strong></span> <span class='ocrx_word' id='word_1_228' title='bbox 429 3529 665 3596; x_wconf 89' lang='lat' dir='ltr'><strong>commercium</strong></span> <span class='ocrx_word' id='word_1_229' title='bbox 676 3527 828 3610; x_wconf 91' lang='lat' dir='ltr'><strong>habebat,</strong></span> <span class='ocrx_word' id='word_1_230' title='bbox 843 3536 881 3596; x_wconf 90' lang='lat' dir='ltr'><strong>ut</strong></span> <span class='ocrx_word' id='word_1_231' title='bbox 893 3530 1039 3616; x_wconf 87' lang='lat' dir='ltr'><strong>integros</strong></span> <span class='ocrx_word' id='word_1_232' title='bbox 1055 3528 1121 3597; x_wconf 88' lang='lat' dir='ltr'><strong>fere</strong></span> <span class='ocrx_word' id='word_1_233' title='bbox 1137 3530 1213 3600; x_wconf 91' lang='lat' dir='ltr'><strong>illo·</strong></span> 
     </span>
     <span class='ocr_line' id='line_1_29' title="bbox 142 3643 1211 3734; baseline 0.007 -24"><span class='ocrx_word' id='word_1_234' title='bbox 142 3664 216 3712; x_wconf 87' lang='lat' dir='ltr'><strong>rum</strong></span> <span class='ocrx_word' id='word_1_235' title='bbox 236 3664 349 3714; x_wconf 85' lang='lat' dir='ltr'><strong>versus</strong></span> <span class='ocrx_word' id='word_1_236' title='bbox 377 3643 584 3734; x_wconf 75' lang='lat' dir='ltr'><strong>exprimeret.</strong></span> <span class='ocrx_word' id='word_1_237' title='bbox 607 3644 686 3713; x_wconf 90' lang='lat' dir='ltr'><strong>Inde</strong></span> <span class='ocrx_word' id='word_1_238' title='bbox 713 3645 904 3732; x_wconf 86' lang='lat' dir='ltr'><strong>frequenter</strong></span> <span class='ocrx_word' id='word_1_239' title='bbox 921 3645 1039 3713; x_wconf 87' lang='lat' dir='ltr'><strong>latinos</strong></span> <span class='ocrx_word' id='word_1_240' title='bbox 1058 3653 1211 3717; x_wconf 88' lang='lat' dir='ltr'><strong>auctores</strong></span> 
     </span>
     <span class='ocr_line' id='line_1_30' title="bbox 142 3760 1207 3848; baseline 0.006 -20"><span class='ocrx_word' id='word_1_241' title='bbox 142 3767 191 3828; x_wconf 92' lang='lat' dir='ltr'><strong>est</strong></span> <span class='ocrx_word' id='word_1_242' title='bbox 205 3760 375 3828; x_wconf 91' lang='lat' dir='ltr'><strong>imitatus:</strong></span> <span class='ocrx_word' id='word_1_243' title='bbox 400 3761 490 3848; x_wconf 90' lang='lat' dir='ltr'><strong>quod</strong></span> <span class='ocrx_word' id='word_1_244' title='bbox 513 3770 697 3830; x_wconf 89' lang='lat' dir='ltr'><strong>monstrare</strong></span> <span class='ocrx_word' id='word_1_245' title='bbox 720 3762 815 3829; x_wconf 91' lang='lat' dir='ltr'><strong>nobis</strong></span> <span class='ocrx_word' id='word_1_246' title='bbox 837 3761 926 3830; x_wconf 90' lang='lat' dir='ltr'><strong>haud</strong></span> <span class='ocrx_word' id='word_1_247' title='bbox 951 3769 1039 3830; x_wconf 87' lang='lat' dir='ltr'><strong>esset</strong></span> <span class='ocrx_word' id='word_1_248' title='bbox 1057 3761 1207 3834; x_wconf 81' lang='lat' dir='ltr'><strong>difficile.</strong></span> 
     </span>
     <span class='ocr_line' id='line_1_31' title="bbox 142 3877 1210 3966; baseline 0.005 -22"><span class='ocrx_word' id='word_1_249' title='bbox 142 3878 187 3945; x_wconf 84' lang='lat' dir='ltr'><strong>Ne</strong></span> <span class='ocrx_word' id='word_1_250' title='bbox 206 3885 317 3945; x_wconf 91' lang='lat' dir='ltr'><strong>autem</strong></span> <span class='ocrx_word' id='word_1_251' title='bbox 337 3877 432 3946; x_wconf 88' lang='lat' dir='ltr'><strong>taedio</strong></span> <span class='ocrx_word' id='word_1_252' title='bbox 448 3878 636 3966; x_wconf 89' lang='lat' dir='ltr'><strong>legentibus</strong></span> <span class='ocrx_word' id='word_1_253' title='bbox 655 3879 787 3960; x_wconf 88' lang='lat' dir='ltr'><strong>fiamus,</strong></span> <span class='ocrx_word' id='word_1_254' title='bbox 810 3886 908 3966; x_wconf 84' lang='lat' dir='ltr'><strong>atque</strong></span> <span class='ocrx_word' id='word_1_255' title='bbox 931 3879 966 3946; x_wconf 95' lang='lat' dir='ltr'><strong>in</strong></span> <span class='ocrx_word' id='word_1_256' title='bbox 985 3880 1210 3949; x_wconf 89' lang='lat' dir='ltr'><strong>materiatam</strong></span> 
     </span>
     <span class='ocr_line' id='line_1_32' title="bbox 141 3994 1208 4085; baseline 0.005 -24"><span class='ocrx_word' id='word_1_257' title='bbox 141 3994 269 4082; x_wconf 91' lang='lat' dir='ltr'><strong>copiosa</strong></span> <span class='ocrx_word' id='word_1_258' title='bbox 284 4002 317 4063; x_wconf 89' lang='lat' dir='ltr'><strong>et</strong></span> <span class='ocrx_word' id='word_1_259' title='bbox 331 3995 454 4085; x_wconf 87' lang='lat' dir='ltr'><strong>prolixa</strong></span> <span class='ocrx_word' id='word_1_260' title='bbox 474 3996 607 4084; x_wconf 87' lang='lat' dir='ltr'><strong>longius</strong></span> <span class='ocrx_word' id='word_1_261' title='bbox 623 4015 813 4083; x_wconf 86' lang='lat' dir='ltr'><strong>evagemur,</strong></span> <span class='ocrx_word' id='word_1_262' title='bbox 831 3995 1008 4064; x_wconf 92' lang='lat' dir='ltr'><strong>nonnullos</strong></span> <span class='ocrx_word' id='word_1_263' title='bbox 1026 4003 1155 4064; x_wconf 87' lang='lat' dir='ltr'><strong>tantum</strong></span> <span class='ocrx_word' id='word_1_264' title='bbox 1172 3999 1208 4066; x_wconf 93' lang='lat' dir='ltr'><strong>in</strong></span> 
     </span>
    </p>
   </div>
   <div class='ocr_carea' id='block_1_5' title="bbox 0 0 1366 4920">
    <p class='ocr_par' dir='ltr' id='par_1_9' title="bbox 0 0 1366 4920">
     <span class='ocr_line' id='line_1_33' title="bbox 0 0 1366 4920; baseline 0 5"><span class='ocrx_word' id='word_1_265' title='bbox 0 0 1366 4920; x_wconf 95' lang='lat' dir='ltr'><strong> </strong></span> 
     </span>
    </p>
   </div>
  </div>
 </body>
</html>
