<?xml version="1.0" encoding="UTF-8"?>
<!DOCTYPE html PUBLIC "-//W3C//DTD XHTML 1.0 Transitional//EN"
    "http://www.w3.org/TR/xhtml1/DTD/xhtml1-transitional.dtd">
<html xmlns="http://www.w3.org/1999/xhtml" xml:lang="en" lang="en">
 <head>
  <title>
</title>
<meta http-equiv="Content-Type" content="text/html;charset=utf-8" />
  <meta name='ocr-system' content='tesseract 3.04.00' />
  <meta name='ocr-capabilities' content='ocr_page ocr_carea ocr_par ocr_line ocrx_word'/>
</head>
<body>
  <div class='ocr_page' id='page_1' title='image "./dedmausoniioper00evergoog_0054.png"; bbox 0 0 2730 4926; ppageno 0'>
   <div class='ocr_carea' id='block_1_1' title="bbox 528 424 705 494">
    <p class='ocr_par' dir='ltr' id='par_1_1' title="bbox 528 424 705 494">
     <span class='ocr_line' id='line_1_1' title="bbox 528 424 705 494; baseline 0 -18"><span class='ocrx_word' id='word_1_1' title='bbox 528 424 705 494; x_wconf 78' lang='lat'><strong>..37-</strong></span> 
     </span>
    </p>
   </div>
   <div class='ocr_carea' id='block_1_2' title="bbox 56 590 1169 4157">
    <p class='ocr_par' dir='ltr' id='par_1_2' title="bbox 56 590 1144 1713">
     <span class='ocr_line' id='line_1_2' title="bbox 81 590 1142 681; baseline 0.001 -18"><span class='ocrx_word' id='word_1_2' title='bbox 81 597 156 663; x_wconf 84' lang='lat' dir='ltr'><strong>llaec</strong></span> <span class='ocrx_word' id='word_1_3' title='bbox 185 593 293 661; x_wconf 85' lang='lat' dir='ltr'><strong>fabula</strong></span> <span class='ocrx_word' id='word_1_4' title='bbox 311 592 450 679; x_wconf 87' lang='lat' dir='ltr'><strong>fingitur</strong></span> <span class='ocrx_word' id='word_1_5' title='bbox 473 590 559 678; x_wconf 87' lang='lat' dir='ltr'><strong>apud</strong></span> <span class='ocrx_word' id='word_1_6' title='bbox 579 591 701 660; x_wconf 84' lang='lat' dir='ltr'><strong>inferos</strong></span> <span class='ocrx_word' id='word_1_7' title='bbox 721 593 756 658; x_wconf 91' lang='lat' dir='ltr'><strong>in</strong></span> <span class='ocrx_word' id='word_1_8' title='bbox 785 593 907 681; x_wconf 92' lang='lat' dir='ltr'><strong>campis</strong></span> <span class='ocrx_word' id='word_1_9' title='bbox 936 594 1142 681; x_wconf 72' lang='lat' dir='ltr'><strong>lugentibus</strong></span> 
     </span>
     <span class='ocr_line' id='line_1_3' title="bbox 80 706 1142 799; baseline -0.002 -20"><span class='ocrx_word' id='word_1_10' title='bbox 80 731 162 799; x_wconf 90' lang='lat' dir='ltr'><strong>quos</strong></span> <span class='ocrx_word' id='word_1_11' title='bbox 192 709 359 796; x_wconf 84' lang='lat' dir='ltr'><strong>Virgilius,</strong></span> <span class='ocrx_word' id='word_1_12' title='bbox 395 706 540 775; x_wconf 87' lang='lat' dir='ltr'><strong>AEneidis</strong></span> <span class='ocrx_word' id='word_1_13' title='bbox 568 708 618 789; x_wconf 88' lang='lat' dir='ltr'><strong>Vl,</strong></span> <span class='ocrx_word' id='word_1_14' title='bbox 655 711 720 775; x_wconf 83' lang='lat' dir='ltr'><strong>ltu</strong></span> <span class='ocrx_word' id='word_1_15' title='bbox 746 728 853 796; x_wconf 89' lang='lat' dir='ltr'><strong>seqq.,</strong></span> <span class='ocrx_word' id='word_1_16' title='bbox 887 708 1054 790; x_wconf 75' lang='lat' dir='ltr'><strong>describit,</strong></span> <span class='ocrx_word' id='word_1_17' title='bbox 1089 713 1142 779; x_wconf 92' lang='lat' dir='ltr'><strong>uhi</strong></span> 
     </span>
     <span class='ocr_line' id='line_1_4' title="bbox 71 823 1144 912; baseline 0 -18"><span class='ocrx_word' id='word_1_18' title='bbox 71 825 197 895; x_wconf 62' lang='lat' dir='ltr'><strong>&#39;animae</strong></span> <span class='ocrx_word' id='word_1_19' title='bbox 225 826 306 893; x_wconf 93' lang='lat' dir='ltr'><strong>duro</strong></span> <span class='ocrx_word' id='word_1_20' title='bbox 338 846 448 891; x_wconf 92' lang='lat' dir='ltr'><strong>amore</strong></span> <span class='ocrx_word' id='word_1_21' title='bbox 474 825 662 891; x_wconf 74' lang='lat' dir='ltr'><strong>excruciata</strong></span> <span class='ocrx_word' id='word_1_22' title='bbox 691 823 904 912; x_wconf 86' lang='lat' dir='ltr'><strong>deductaeque</strong></span> <span class='ocrx_word' id='word_1_23' title='bbox 936 825 975 891; x_wconf 92' lang='lat' dir='ltr'><strong>ad</strong></span> <span class='ocrx_word' id='word_1_24' title='bbox 1004 835 1144 894; x_wconf 86' lang='lat' dir='ltr'><strong>mortem</strong></span> 
     </span>
     <span class='ocr_line' id='line_1_5' title="bbox 79 939 1143 1028; baseline -0.001 -20"><span class='ocrx_word' id='word_1_25' title='bbox 79 951 196 1028; x_wconf 88' lang='lat' dir='ltr'><strong>agunt.</strong></span> <span class='ocrx_word' id='word_1_26' title='bbox 216 969 231 1001; x_wconf 71' lang='lat' dir='ltr'><strong>a</strong></span> <span class='ocrx_word' id='word_1_27' title='bbox 254 940 435 1007; x_wconf 80' lang='lat' dir='ltr'><strong>Ausonium</strong></span> <span class='ocrx_word' id='word_1_28' title='bbox 443 939 553 1027; x_wconf 90' lang='lat' dir='ltr'><strong>itaque</strong></span> <span class='ocrx_word' id='word_1_29' title='bbox 569 941 603 1007; x_wconf 93' lang='lat' dir='ltr'><strong>in</strong></span> <span class='ocrx_word' id='word_1_30' title='bbox 622 941 684 1006; x_wconf 90' lang='lat' dir='ltr'><strong>hoc</strong></span> <span class='ocrx_word' id='word_1_31' title='bbox 701 939 843 1008; x_wconf 81' lang='lat' dir='ltr'><strong>carmine</strong></span> <span class='ocrx_word' id='word_1_32' title='bbox 863 941 968 1027; x_wconf 89' lang='lat' dir='ltr'><strong>magis</strong></span> <span class='ocrx_word' id='word_1_33' title='bbox 992 963 1091 1028; x_wconf 91' lang='lat' dir='ltr'><strong>quam</strong></span> <span class='ocrx_word' id='word_1_34' title='bbox 1110 943 1143 1007; x_wconf 91' lang='lat' dir='ltr'><strong>in</strong></span> 
     </span>
     <span class='ocr_line' id='line_1_6' title="bbox 79 1055 1143 1144; baseline 0.001 -22"><span class='ocrx_word' id='word_1_35' title='bbox 79 1057 204 1124; x_wconf 77' lang='lat' dir='ltr'><strong>catoris</strong></span> <span class='ocrx_word' id='word_1_36' title='bbox 219 1055 358 1124; x_wconf 90' lang='lat' dir='ltr'><strong>Maronis</strong></span> <span class='ocrx_word' id='word_1_37' title='bbox 378 1055 556 1123; x_wconf 87' lang='lat' dir='ltr'><strong>dictionem</strong></span> <span class='ocrx_word' id='word_1_38' title='bbox 572 1056 818 1143; x_wconf 78' lang='lat' dir='ltr'><strong>sententiasque</strong></span> <span class='ocrx_word' id='word_1_39' title='bbox 849 1056 916 1125; x_wconf 85' lang='lat' dir='ltr'><strong>fere</strong></span> <span class='ocrx_word' id='word_1_40' title='bbox 939 1056 1083 1144; x_wconf 89' lang='lat' dir='ltr'><strong>integras</strong></span> <span class='ocrx_word' id='word_1_41' title='bbox 1104 1057 1143 1123; x_wconf 91' lang='lat' dir='ltr'><strong>ad</strong></span> 
     </span>
     <span class='ocr_line' id='line_1_7' title="bbox 79 1169 1143 1256; baseline -0.003 -16"><span class='ocrx_word' id='word_1_42' title='bbox 79 1170 218 1240; x_wconf 90' lang='lat' dir='ltr'><strong>verbum</strong></span> <span class='ocrx_word' id='word_1_43' title='bbox 248 1169 430 1238; x_wconf 87' lang='lat' dir='ltr'><strong>reddidisse</strong></span> <span class='ocrx_word' id='word_1_44' title='bbox 466 1169 551 1236; x_wconf 88' lang='lat' dir='ltr'><strong>infra</strong></span> <span class='ocrx_word' id='word_1_45' title='bbox 584 1169 784 1237; x_wconf 90' lang='lat' dir='ltr'><strong>notabimus.</strong></span> <span class='ocrx_word' id='word_1_46' title='bbox 810 1171 855 1237; x_wconf 89' lang='lat' dir='ltr'><strong>Ne</strong></span> <span class='ocrx_word' id='word_1_47' title='bbox 888 1169 991 1256; x_wconf 90' lang='lat' dir='ltr'><strong>igitur</strong></span> <span class='ocrx_word' id='word_1_48' title='bbox 1015 1170 1143 1237; x_wconf 90' lang='lat' dir='ltr'><strong>mireris</strong></span> 
     </span>
     <span class='ocr_line' id='line_1_8' title="bbox 77 1282 1143 1371; baseline 0 -21"><span class='ocrx_word' id='word_1_49' title='bbox 77 1283 167 1371; x_wconf 91' lang='lat' dir='ltr'><strong>quod</strong></span> <span class='ocrx_word' id='word_1_50' title='bbox 176 1305 342 1352; x_wconf 79' lang='lat' dir='ltr'><strong>amoenum</strong></span> <span class='ocrx_word' id='word_1_51' title='bbox 348 1282 499 1371; x_wconf 81' lang='lat' dir='ltr'><strong>idyllium</strong></span> <span class='ocrx_word' id='word_1_52' title='bbox 512 1282 676 1350; x_wconf 88' lang='lat' dir='ltr'><strong>scribendi</strong></span> <span class='ocrx_word' id='word_1_53' title='bbox 699 1283 857 1350; x_wconf 84' lang='lat' dir='ltr'><strong>suavitate</strong></span> <span class='ocrx_word' id='word_1_54' title='bbox 871 1283 1029 1371; x_wconf 84' lang='lat' dir='ltr'><strong>singulari</strong></span> <span class='ocrx_word' id='word_1_55' title='bbox 1045 1291 1143 1370; x_wconf 83' lang='lat' dir='ltr'><strong>atque</strong></span> 
     </span>
     <span class='ocr_line' id='line_1_9' title="bbox 77 1395 1143 1484; baseline -0.002 -21"><span class='ocrx_word' id='word_1_56' title='bbox 77 1396 287 1484; x_wconf 85' lang='lat' dir='ltr'><strong>elegantioris</strong></span> <span class='ocrx_word' id='word_1_57' title='bbox 310 1398 414 1483; x_wconf 78' lang='lat' dir='ltr'><strong>gratia</strong></span> <span class='ocrx_word' id='word_1_58' title='bbox 442 1395 557 1462; x_wconf 89' lang='lat' dir='ltr'><strong>coloris</strong></span> <span class='ocrx_word' id='word_1_59' title='bbox 582 1395 776 1463; x_wconf 89' lang='lat' dir='ltr'><strong>illustratur.</strong></span> <span class='ocrx_word' id='word_1_60' title='bbox 805 1397 911 1464; x_wconf 89' lang='lat' dir='ltr'><strong>Fateri</strong></span> <span class='ocrx_word' id='word_1_61' title='bbox 938 1404 1049 1463; x_wconf 90' lang='lat' dir='ltr'><strong>tamen</strong></span> <span class='ocrx_word' id='word_1_62' title='bbox 1076 1416 1143 1463; x_wconf 92' lang='lat' dir='ltr'><strong>non</strong></span> 
     </span>
     <span class='ocr_line' id='line_1_10' title="bbox 75 1508 1140 1598; baseline -0.001 -22"><span class='ocrx_word' id='word_1_63' title='bbox 75 1508 192 1577; x_wconf 93' lang='lat' dir='ltr'><strong>dubito</strong></span> <span class='ocrx_word' id='word_1_64' title='bbox 207 1511 378 1578; x_wconf 88' lang='lat' dir='ltr'><strong>materiam</strong></span> <span class='ocrx_word' id='word_1_65' title='bbox 389 1509 487 1577; x_wconf 92' lang='lat' dir='ltr'><strong>nimis</strong></span> <span class='ocrx_word' id='word_1_66' title='bbox 500 1509 720 1592; x_wconf 79' lang='lat' dir='ltr'><strong>ambitiosam,</strong></span> <span class='ocrx_word' id='word_1_67' title='bbox 739 1510 918 1598; x_wconf 89' lang='lat' dir='ltr'><strong>stilumque</strong></span> <span class='ocrx_word' id='word_1_68' title='bbox 933 1508 1023 1577; x_wconf 89' lang='lat' dir='ltr'><strong>haud</strong></span> <span class='ocrx_word' id='word_1_69' title='bbox 1037 1508 1140 1577; x_wconf 90' lang='lat' dir='ltr'><strong>semel</strong></span> 
     </span>
     <span class='ocr_line' id='line_1_11' title="bbox 56 1625 443 1713; baseline -0.003 -21"><span class='ocrx_word' id='word_1_70' title='bbox 56 1625 270 1713; x_wconf 72' lang='lat' dir='ltr'><strong>exquisitius</strong></span> <span class='ocrx_word' id='word_1_71' title='bbox 284 1625 443 1694; x_wconf 87' lang='lat' dir='ltr'><strong>adhiberi.</strong></span> 
     </span>
    </p>

    <p class='ocr_par' dir='ltr' id='par_1_3' title="bbox 72 1739 1139 2293">
     <span class='ocr_line' id='line_1_12' title="bbox 122 1739 1139 1828; baseline -0.004 -19"><span class='ocrx_word' id='word_1_72' title='bbox 122 1741 215 1820; x_wconf 88' lang='lat' dir='ltr'><strong>Quod</strong></span> <span class='ocrx_word' id='word_1_73' title='bbox 229 1763 360 1810; x_wconf 90' lang='lat' dir='ltr'><strong>carmen</strong></span> <span class='ocrx_word' id='word_1_74' title='bbox 372 1743 405 1808; x_wconf 92' lang='lat' dir='ltr'><strong>in</strong></span> <span class='ocrx_word' id='word_1_75' title='bbox 419 1750 564 1809; x_wconf 91' lang='lat' dir='ltr'><strong>nostram</strong></span> <span class='ocrx_word' id='word_1_76' title='bbox 574 1742 769 1809; x_wconf 85' lang='lat' dir='ltr'><strong>memoriam</strong></span> <span class='ocrx_word' id='word_1_77' title='bbox 782 1739 954 1809; x_wconf 91' lang='lat' dir='ltr'><strong>llodestini</strong></span> <span class='ocrx_word' id='word_1_78' title='bbox 968 1739 1139 1828; x_wconf 86' lang='lat' dir='ltr'><strong>cujusdam</strong></span> 
     </span>
     <span class='ocr_line' id='line_1_13' title="bbox 75 1854 1138 1945; baseline 0 -23"><span class='ocrx_word' id='word_1_79' title='bbox 75 1856 357 1926; x_wconf 88' lang='lat' dir='ltr'><strong>brevissimumde</strong></span> <span class='ocrx_word' id='word_1_80' title='bbox 369 1859 487 1925; x_wconf 79' lang='lat' dir='ltr'><strong>Amore</strong></span> <span class='ocrx_word' id='word_1_81' title='bbox 498 1857 700 1945; x_wconf 89' lang='lat' dir='ltr'><strong>epigramma</strong></span> <span class='ocrx_word' id='word_1_82' title='bbox 715 1866 855 1936; x_wconf 87' lang='lat' dir='ltr'><strong>revocat,</strong></span> <span class='ocrx_word' id='word_1_83' title='bbox 865 1855 953 1944; x_wconf 93' lang='lat' dir='ltr'><strong>quod</strong></span> <span class='ocrx_word' id='word_1_84' title='bbox 968 1854 1138 1945; x_wconf 84' lang='lat' dir='ltr'><strong>Cupidinis</strong></span> 
     </span>
     <span class='ocr_line' id='line_1_14' title="bbox 74 1972 1139 2062; baseline -0.002 -23"><span class='ocrx_word' id='word_1_85' title='bbox 74 1972 209 2041; x_wconf 89' lang='lat' dir='ltr'><strong>cruciati</strong></span> <span class='ocrx_word' id='word_1_86' title='bbox 226 1973 396 2041; x_wconf 88' lang='lat' dir='ltr'><strong>materiam</strong></span> <span class='ocrx_word' id='word_1_87' title='bbox 415 1974 449 2040; x_wconf 89' lang='lat' dir='ltr'><strong>in</strong></span> <span class='ocrx_word' id='word_1_88' title='bbox 465 1974 576 2062; x_wconf 89' lang='lat' dir='ltr'><strong>paucis</strong></span> <span class='ocrx_word' id='word_1_89' title='bbox 603 1973 768 2055; x_wconf 87' lang='lat' dir='ltr'><strong>versibus,</strong></span> <span class='ocrx_word' id='word_1_90' title='bbox 791 1980 961 2041; x_wconf 89' lang='lat' dir='ltr'><strong>venustate</strong></span> <span class='ocrx_word' id='word_1_91' title='bbox 981 1980 1139 2061; x_wconf 80' lang='lat' dir='ltr'><strong>prestan-</strong></span> 
     </span>
     <span class='ocr_line' id='line_1_15' title="bbox 72 2088 1138 2179; baseline -0.001 -23"><span class='ocrx_word' id='word_1_92' title='bbox 72 2089 211 2158; x_wconf 91' lang='lat' dir='ltr'><strong>tissimis</strong></span> <span class='ocrx_word' id='word_1_93' title='bbox 227 2143 236 2168; x_wconf 89' lang='lat'><strong>,</strong></span> <span class='ocrx_word' id='word_1_94' title='bbox 254 2091 423 2179; x_wconf 77' lang='lat' dir='ltr'><strong>expressit.</strong></span> <span class='ocrx_word' id='word_1_95' title='bbox 443 2090 554 2158; x_wconf 81' lang='lat' dir='ltr'><strong>Gallici</strong></span> <span class='ocrx_word' id='word_1_96' title='bbox 583 2098 731 2159; x_wconf 86' lang='lat' dir='ltr'><strong>auctores</strong></span> <span class='ocrx_word' id='word_1_97' title='bbox 748 2099 781 2177; x_wconf 83' lang='lat' dir='ltr'><strong>et</strong></span> <span class='ocrx_word' id='word_1_98' title='bbox 801 2090 890 2158; x_wconf 89' lang='lat' dir='ltr'><strong>idem</strong></span> <span class='ocrx_word' id='word_1_99' title='bbox 916 2088 1005 2157; x_wconf 91' lang='lat' dir='ltr'><strong>haud</strong></span> <span class='ocrx_word' id='word_1_100' title='bbox 1035 2088 1138 2157; x_wconf 87' lang='lat' dir='ltr'><strong>semel</strong></span> 
     </span>
     <span class='ocr_line' id='line_1_16' title="bbox 74 2205 487 2293; baseline 0 -21"><span class='ocrx_word' id='word_1_101' title='bbox 74 2205 109 2272; x_wconf 94' lang='lat' dir='ltr'><strong>in</strong></span> <span class='ocrx_word' id='word_1_102' title='bbox 128 2205 277 2293; x_wconf 85' lang='lat' dir='ltr'><strong>linguam</strong></span> <span class='ocrx_word' id='word_1_103' title='bbox 308 2215 487 2276; x_wconf 85' lang='lat' dir='ltr'><strong>verterunt.</strong></span> 
     </span>
    </p>

    <p class='ocr_par' dir='ltr' id='par_1_4' title="bbox 71 2321 1169 4157">
     <span class='ocr_line' id='line_1_17' title="bbox 119 2321 1136 2411; baseline -0.003 -23"><span class='ocrx_word' id='word_1_104' title='bbox 119 2322 303 2410; x_wconf 89' lang='lat' dir='ltr'><strong>Septimum</strong></span> <span class='ocrx_word' id='word_1_105' title='bbox 329 2322 503 2403; x_wconf 90' lang='lat' dir='ltr'><strong>Bissulam,</strong></span> <span class='ocrx_word' id='word_1_106' title='bbox 531 2321 689 2411; x_wconf 82' lang='lat' dir='ltr'><strong>captivam</strong></span> <span class='ocrx_word' id='word_1_107' title='bbox 714 2322 870 2410; x_wconf 86' lang='lat' dir='ltr'><strong>puellam,</strong></span> <span class='ocrx_word' id='word_1_108' title='bbox 887 2326 1136 2405; x_wconf 79' lang='lat' dir='ltr'><strong>memoratque</strong></span> 
     </span>
     <span class='ocr_line' id='line_1_18' title="bbox 73 2435 1137 2515; baseline -0.002 -11"><span class='ocrx_word' id='word_1_109' title='bbox 73 2437 109 2504; x_wconf 92' lang='lat' dir='ltr'><strong>in</strong></span> <span class='ocrx_word' id='word_1_110' title='bbox 136 2459 253 2506; x_wconf 90' lang='lat' dir='ltr'><strong>manus</strong></span> <span class='ocrx_word' id='word_1_111' title='bbox 278 2438 384 2506; x_wconf 90' lang='lat' dir='ltr'><strong>Nostri</strong></span> <span class='ocrx_word' id='word_1_112' title='bbox 407 2437 596 2506; x_wconf 89' lang='lat' dir='ltr'><strong>discrimine</strong></span> <span class='ocrx_word' id='word_1_113' title='bbox 616 2438 725 2505; x_wconf 86' lang='lat' dir='ltr'><strong>Martis</strong></span> <span class='ocrx_word' id='word_1_114' title='bbox 745 2444 890 2505; x_wconf 91' lang='lat' dir='ltr'><strong>venerat.</strong></span> <span class='ocrx_word' id='word_1_115' title='bbox 919 2435 1011 2515; x_wconf 84' lang='lat' dir='ltr'><strong>Quod</strong></span> <span class='ocrx_word' id='word_1_116' title='bbox 1032 2443 1137 2502; x_wconf 88' lang='lat' dir='ltr'><strong>totum</strong></span> 
     </span>
     <span class='ocr_line' id='line_1_19' title="bbox 73 2550 1138 2642; baseline -0.004 -21"><span class='ocrx_word' id='word_1_117' title='bbox 73 2554 212 2622; x_wconf 89' lang='lat' dir='ltr'><strong>fortasse</strong></span> <span class='ocrx_word' id='word_1_118' title='bbox 227 2555 322 2622; x_wconf 94' lang='lat' dir='ltr'><strong>nobis</strong></span> <span class='ocrx_word' id='word_1_119' title='bbox 335 2575 401 2621; x_wconf 92' lang='lat' dir='ltr'><strong>non</strong></span> <span class='ocrx_word' id='word_1_120' title='bbox 412 2553 569 2621; x_wconf 92' lang='lat' dir='ltr'><strong>traditum</strong></span> <span class='ocrx_word' id='word_1_121' title='bbox 584 2561 633 2637; x_wconf 86' lang='lat' dir='ltr'><strong>est</strong></span> <span class='ocrx_word' id='word_1_122' title='bbox 655 2575 662 2620; x_wconf 90' lang='lat'>:</span> <span class='ocrx_word' id='word_1_123' title='bbox 680 2554 806 2642; x_wconf 89' lang='lat' dir='ltr'><strong>reliqua</strong></span> <span class='ocrx_word' id='word_1_124' title='bbox 825 2573 900 2620; x_wconf 92' lang='lat' dir='ltr'><strong>vero</strong></span> <span class='ocrx_word' id='word_1_125' title='bbox 916 2553 993 2620; x_wconf 86' lang='lat' dir='ltr'><strong>satis</strong></span> <span class='ocrx_word' id='word_1_126' title='bbox 1006 2550 1138 2640; x_wconf 81' lang='lat' dir='ltr'><strong>illepide</strong></span> 
     </span>
     <span class='ocr_line' id='line_1_20' title="bbox 75 2660 1137 2759; baseline 0 -21"><span class='ocrx_word' id='word_1_127' title='bbox 75 2680 174 2759; x_wconf 89' lang='lat' dir='ltr'><strong>atque</strong></span> <span class='ocrx_word' id='word_1_128' title='bbox 198 2671 322 2740; x_wconf 87' lang='lat' dir='ltr'><strong>insulsa</strong></span> <span class='ocrx_word' id='word_1_129' title='bbox 348 2673 443 2740; x_wconf 93' lang='lat' dir='ltr'><strong>nobis</strong></span> <span class='ocrx_word' id='word_1_130' title='bbox 467 2660 631 2740; x_wconf 80' lang='lat' dir='ltr'><strong>videntur.</strong></span> <span class='ocrx_word' id='word_1_131' title='bbox 667 2676 706 2739; x_wconf 91' lang='lat' dir='ltr'><strong>ln</strong></span> <span class='ocrx_word' id='word_1_132' title='bbox 730 2672 898 2740; x_wconf 90' lang='lat' dir='ltr'><strong>nonnullis</strong></span> <span class='ocrx_word' id='word_1_133' title='bbox 928 2680 1039 2738; x_wconf 88' lang='lat' dir='ltr'><strong>tamen</strong></span> <span class='ocrx_word' id='word_1_134' title='bbox 1057 2671 1137 2739; x_wconf 92' lang='lat' dir='ltr'><strong>locis</strong></span> 
     </span>
     <span class='ocr_line' id='line_1_21' title="bbox 76 2786 1138 2879; baseline -0.002 -25"><span class='ocrx_word' id='word_1_135' title='bbox 76 2787 289 2874; x_wconf 90' lang='lat' dir='ltr'><strong>(documento</strong></span> <span class='ocrx_word' id='word_1_136' title='bbox 313 2789 373 2855; x_wconf 87' lang='lat' dir='ltr'><strong>tibi</strong></span> <span class='ocrx_word' id='word_1_137' title='bbox 392 2797 592 2877; x_wconf 90' lang='lat' dir='ltr'><strong>proponatur</strong></span> <span class='ocrx_word' id='word_1_138' title='bbox 616 2787 663 2856; x_wconf 84' lang='lat' dir='ltr'><strong>od</strong></span> <span class='ocrx_word' id='word_1_139' title='bbox 672 2788 834 2879; x_wconf 82' lang='lat' dir='ltr'><strong>pictorem</strong></span> <span class='ocrx_word' id='word_1_140' title='bbox 848 2787 888 2854; x_wconf 84' lang='lat' dir='ltr'><strong>de</strong></span> <span class='ocrx_word' id='word_1_141' title='bbox 904 2787 1038 2854; x_wconf 80' lang='lat' dir='ltr'><strong>Bissulae</strong></span> <span class='ocrx_word' id='word_1_142' title='bbox 1054 2786 1138 2852; x_wconf 82' lang='lat' dir='ltr'><strong>ima·</strong></span> 
     </span>
     <span class='ocr_line' id='line_1_22' title="bbox 71 2902 1135 2993; baseline 0.001 -25"><span class='ocrx_word' id='word_1_143' title='bbox 71 2902 163 2993; x_wconf 76' lang='lat' dir='ltr'><strong>qino)</strong></span> <span class='ocrx_word' id='word_1_144' title='bbox 185 2903 335 2990; x_wconf 83' lang='lat' dir='ltr'><strong>quaedam</strong></span> <span class='ocrx_word' id='word_1_145' title='bbox 350 2905 462 2972; x_wconf 92' lang='lat' dir='ltr'><strong>mollia</strong></span> <span class='ocrx_word' id='word_1_146' title='bbox 486 2906 651 2974; x_wconf 89' lang='lat' dir='ltr'><strong>mehercle</strong></span> <span class='ocrx_word' id='word_1_147' title='bbox 672 2915 705 2972; x_wconf 90' lang='lat' dir='ltr'><strong>et</strong></span> <span class='ocrx_word' id='word_1_148' title='bbox 723 2905 837 2972; x_wconf 89' lang='lat' dir='ltr'><strong>llorida</strong></span> <span class='ocrx_word' id='word_1_149' title='bbox 853 2904 1048 2992; x_wconf 90' lang='lat' dir='ltr'><strong>reperimus.</strong></span> <span class='ocrx_word' id='word_1_150' title='bbox 1066 2902 1135 2969; x_wconf 83' lang='lat' dir='ltr'><strong>lltsi</strong></span> 
     </span>
     <span class='ocr_line' id='line_1_23' title="bbox 72 3017 1138 3108; baseline -0.002 -23"><span class='ocrx_word' id='word_1_151' title='bbox 72 3018 236 3086; x_wconf 79' lang='lat' dir='ltr'><strong>Adsonius</strong></span> <span class='ocrx_word' id='word_1_152' title='bbox 259 3019 359 3106; x_wconf 89' lang='lat' dir='ltr'><strong>hujus</strong></span> <span class='ocrx_word' id='word_1_153' title='bbox 380 3019 481 3087; x_wconf 91' lang='lat' dir='ltr'><strong>libelli</strong></span> <span class='ocrx_word' id='word_1_154' title='bbox 503 3021 659 3088; x_wconf 88' lang='lat' dir='ltr'><strong>lectorem</strong></span> <span class='ocrx_word' id='word_1_155' title='bbox 679 3028 791 3087; x_wconf 90' lang='lat' dir='ltr'><strong>monet</strong></span> <span class='ocrx_word' id='word_1_156' title='bbox 818 3047 833 3081; x_wconf 87' lang='lat'>«</span> <span class='ocrx_word' id='word_1_157' title='bbox 855 3038 977 3108; x_wconf 93' lang='lat' dir='ltr'><strong>ponere</strong></span> <span class='ocrx_word' id='word_1_158' title='bbox 994 3017 1138 3106; x_wconf 93' lang='lat' dir='ltr'><strong>superci-</strong></span> 
     </span>
     <span class='ocr_line' id='line_1_24' title="bbox 71 3133 1133 3223; baseline -0.003 -21"><span class='ocrx_word' id='word_1_159' title='bbox 71 3134 169 3215; x_wconf 92' lang='lat' dir='ltr'><strong>lium,</strong></span> <span class='ocrx_word' id='word_1_160' title='bbox 191 3163 203 3196; x_wconf 72' lang='grc' dir='ltr'><strong><em>ι</em></strong></span> <span class='ocrx_word' id='word_1_161' title='bbox 226 3135 341 3222; x_wconf 91' lang='lat' dir='ltr'><strong>illique</strong></span> <span class='ocrx_word' id='word_1_162' title='bbox 361 3134 477 3203; x_wconf 87' lang='lat' dir='ltr'><strong>suadet</strong></span> <span class='ocrx_word' id='word_1_163' title='bbox 492 3144 529 3203; x_wconf 93' lang='lat' dir='ltr'><strong>ut</strong></span> <span class='ocrx_word' id='word_1_164' title='bbox 543 3157 620 3204; x_wconf 92' lang='lat' dir='ltr'><strong>eum</strong></span> <span class='ocrx_word' id='word_1_165' title='bbox 636 3135 734 3204; x_wconf 92' lang='lat' dir='ltr'><strong>modo</strong></span> <span class='ocrx_word' id='word_1_166' title='bbox 749 3137 837 3223; x_wconf 87' lang='lat' dir='ltr'><strong>legat</strong></span> <span class='ocrx_word' id='word_1_167' title='bbox 856 3162 867 3195; x_wconf 70' lang='lat' dir='ltr'><strong>r</strong></span> <span class='ocrx_word' id='word_1_168' title='bbox 888 3142 962 3203; x_wconf 90' lang='lat' dir='ltr'><strong>ante</strong></span> <span class='ocrx_word' id='word_1_169' title='bbox 974 3133 1100 3212; x_wconf 90' lang='lat' dir='ltr'><strong>bibere,</strong></span> <span class='ocrx_word' id='word_1_170' title='bbox 1121 3161 1133 3194; x_wconf 79' lang='lat'><strong>»</strong></span> 
     </span>
     <span class='ocr_line' id='line_1_25' title="bbox 72 3249 1138 3340; baseline -0.003 -22"><span class='ocrx_word' id='word_1_171' title='bbox 72 3271 231 3339; x_wconf 86' lang='lat' dir='ltr'><strong>namque,</strong></span> <span class='ocrx_word' id='word_1_172' title='bbox 255 3251 311 3332; x_wconf 86' lang='lat' dir='ltr'><strong>ait,</strong></span> <span class='ocrx_word' id='word_1_173' title='bbox 337 3279 348 3312; x_wconf 72' lang='lat' dir='ltr'><strong>r</strong></span> <span class='ocrx_word' id='word_1_174' title='bbox 373 3252 499 3340; x_wconf 87' lang='lat' dir='ltr'><strong>jejunis</strong></span> <span class='ocrx_word' id='word_1_175' title='bbox 520 3253 566 3319; x_wconf 95' lang='lat' dir='ltr'><strong>nil</strong></span> <span class='ocrx_word' id='word_1_176' title='bbox 591 3253 708 3333; x_wconf 84' lang='lat' dir='ltr'><strong>scribo,</strong></span> <span class='ocrx_word' id='word_1_177' title='bbox 738 3278 753 3312; x_wconf 76' lang='lat' dir='ltr'><strong>u</strong></span> <span class='ocrx_word' id='word_1_178' title='bbox 775 3290 817 3301; x_wconf 89' lang='lat'><em>-</em></span> <span class='ocrx_word' id='word_1_179' title='bbox 844 3259 955 3319; x_wconf 86' lang='lat' dir='ltr'><strong>tamen</strong></span> <span class='ocrx_word' id='word_1_180' title='bbox 982 3249 1066 3317; x_wconf 91' lang='lat' dir='ltr'><strong>nihil</strong></span> <span class='ocrx_word' id='word_1_181' title='bbox 1091 3255 1138 3316; x_wconf 88' lang='lat' dir='ltr'><strong>tot</strong></span> 
     </span>
     <span class='ocr_line' id='line_1_26' title="bbox 72 3363 1137 3456; baseline -0.002 -23"><span class='ocrx_word' id='word_1_182' title='bbox 72 3366 270 3454; x_wconf 85' lang='lat' dir='ltr'><strong>ambagibus</strong></span> <span class='ocrx_word' id='word_1_183' title='bbox 292 3367 432 3456; x_wconf 90' lang='lat' dir='ltr'><strong>dignum</strong></span> <span class='ocrx_word' id='word_1_184' title='bbox 458 3367 621 3436; x_wconf 83' lang='lat' dir='ltr'><strong>ridemus.</strong></span> <span class='ocrx_word' id='word_1_185' title='bbox 653 3368 786 3435; x_wconf 88' lang='lat' dir='ltr'><strong>Minime</strong></span> <span class='ocrx_word' id='word_1_186' title='bbox 814 3367 903 3434; x_wconf 92' lang='lat' dir='ltr'><strong>enim</strong></span> <span class='ocrx_word' id='word_1_187' title='bbox 918 3366 964 3434; x_wconf 93' lang='lat' dir='ltr'><strong>ibi</strong></span> <span class='ocrx_word' id='word_1_188' title='bbox 990 3363 1137 3432; x_wconf 88' lang='lat' dir='ltr'><strong>licentias</strong></span> 
     </span>
     <span class='ocr_line' id='line_1_27' title="bbox 73 3479 1138 3573; baseline -0.002 -24"><span class='ocrx_word' id='word_1_189' title='bbox 73 3480 146 3550; x_wconf 90' lang='lat' dir='ltr'><strong>illas</strong></span> <span class='ocrx_word' id='word_1_190' title='bbox 166 3483 361 3572; x_wconf 89' lang='lat' dir='ltr'><strong>reperimus,</strong></span> <span class='ocrx_word' id='word_1_191' title='bbox 380 3483 499 3571; x_wconf 92' lang='lat' dir='ltr'><strong>quibus</strong></span> <span class='ocrx_word' id='word_1_192' title='bbox 520 3492 587 3550; x_wconf 89' lang='lat' dir='ltr'><strong>tam</strong></span> <span class='ocrx_word' id='word_1_193' title='bbox 603 3504 687 3573; x_wconf 77' lang='lat' dir='ltr'><strong>sape</strong></span> <span class='ocrx_word' id='word_1_194' title='bbox 700 3504 797 3573; x_wconf 90' lang='lat' dir='ltr'><strong>opera</strong></span> <span class='ocrx_word' id='word_1_195' title='bbox 810 3482 945 3551; x_wconf 84' lang='lat' dir='ltr'><strong>Ausonii</strong></span> <span class='ocrx_word' id='word_1_196' title='bbox 962 3479 1138 3549; x_wconf 83' lang='lat' dir='ltr'><strong>loedissime</strong></span> 
     </span>
     <span class='ocr_line' id='line_1_28' title="bbox 75 3596 1169 3690; baseline -0.005 -23"><span class='ocrx_word' id='word_1_197' title='bbox 75 3597 241 3667; x_wconf 82' lang='lat' dir='ltr'><strong>vitiantur.</strong></span> <span class='ocrx_word' id='word_1_198' title='bbox 259 3600 338 3667; x_wconf 50' lang='lat' dir='ltr'><strong>‘Nec</strong></span> <span class='ocrx_word' id='word_1_199' title='bbox 363 3599 457 3666; x_wconf 93' lang='lat' dir='ltr'><strong>nobis</strong></span> <span class='ocrx_word' id='word_1_200' title='bbox 484 3598 686 3668; x_wconf 90' lang='lat' dir='ltr'><strong>credendum</strong></span> <span class='ocrx_word' id='word_1_201' title='bbox 703 3609 752 3668; x_wconf 87' lang='lat' dir='ltr'><strong>est</strong></span> <span class='ocrx_word' id='word_1_202' title='bbox 776 3622 794 3667; x_wconf 86' lang='lat' dir='ltr'><strong>a</strong></span> <span class='ocrx_word' id='word_1_203' title='bbox 817 3609 912 3690; x_wconf 87' lang='lat' dir='ltr'><strong>poeta</strong></span> <span class='ocrx_word' id='word_1_204' title='bbox 935 3596 1064 3665; x_wconf 88' lang='lat' dir='ltr'><strong>lectoris</strong></span> <span class='ocrx_word' id='word_1_205' title='bbox 1085 3615 1138 3663; x_wconf 82' lang='lat' dir='ltr'><strong>ve·</strong></span> <span class='ocrx_word' id='word_1_206' title='bbox 1167 3610 1169 3618; x_wconf 86' lang='lat'>·</span> 
     </span>
     <span class='ocr_line' id='line_1_29' title="bbox 73 3713 1138 3805; baseline -0.005 -23"><span class='ocrx_word' id='word_1_207' title='bbox 73 3714 165 3782; x_wconf 89' lang='lat' dir='ltr'><strong>niam</strong></span> <span class='ocrx_word' id='word_1_208' title='bbox 190 3715 292 3804; x_wconf 89' lang='lat' dir='ltr'><strong>posci,</strong></span> <span class='ocrx_word' id='word_1_209' title='bbox 314 3715 402 3804; x_wconf 92' lang='lat' dir='ltr'><strong>quod</strong></span> <span class='ocrx_word' id='word_1_210' title='bbox 420 3716 514 3783; x_wconf 92' lang='lat' dir='ltr'><strong>illum</strong></span> <span class='ocrx_word' id='word_1_211' title='bbox 534 3717 711 3784; x_wconf 90' lang='lat' dir='ltr'><strong>meretricii</strong></span> <span class='ocrx_word' id='word_1_212' title='bbox 727 3717 846 3784; x_wconf 90' lang='lat' dir='ltr'><strong>amoris</strong></span> <span class='ocrx_word' id='word_1_213' title='bbox 862 3714 986 3805; x_wconf 89' lang='lat' dir='ltr'><strong>pudet:</strong></span> <span class='ocrx_word' id='word_1_214' title='bbox 1008 3713 1065 3801; x_wconf 93' lang='lat' dir='ltr'><strong>qui</strong></span> <span class='ocrx_word' id='word_1_215' title='bbox 1080 3732 1138 3778; x_wconf 92' lang='lat' dir='ltr'><strong>no-</strong></span> 
     </span>
     <span class='ocr_line' id='line_1_30' title="bbox 73 3829 1138 3921; baseline -0.004 -23"><span class='ocrx_word' id='word_1_216' title='bbox 73 3830 125 3900; x_wconf 93' lang='lat' dir='ltr'><strong>bis</strong></span> <span class='ocrx_word' id='word_1_217' title='bbox 153 3843 342 3921; x_wconf 91' lang='lat' dir='ltr'><strong>supersunt,</strong></span> <span class='ocrx_word' id='word_1_218' title='bbox 365 3855 478 3904; x_wconf 86' lang='lat' dir='ltr'><strong>versus</strong></span> <span class='ocrx_word' id='word_1_219' title='bbox 503 3835 649 3903; x_wconf 88' lang='lat' dir='ltr'><strong>indicant</strong></span> <span class='ocrx_word' id='word_1_220' title='bbox 677 3836 761 3900; x_wconf 86' lang='lat' dir='ltr'><strong>hanc</strong></span> <span class='ocrx_word' id='word_1_221' title='bbox 777 3832 938 3900; x_wconf 91' lang='lat' dir='ltr'><strong>Bissulam</strong></span> <span class='ocrx_word' id='word_1_222' title='bbox 957 3829 1138 3920; x_wconf 89' lang='lat' dir='ltr'><strong>puellulam</strong></span> 
     </span>
     <span class='ocr_line' id='line_1_31' title="bbox 74 3944 1134 4040; baseline -0.006 -24"><span class='ocrx_word' id='word_1_223' title='bbox 74 3946 296 4018; x_wconf 81' lang='lat' dir='ltr'><strong>verisimiliter</strong></span> <span class='ocrx_word' id='word_1_224' title='bbox 318 3971 402 4035; x_wconf 90' lang='lat' dir='ltr'><strong>esso,</strong></span> <span class='ocrx_word' id='word_1_225' title='bbox 421 3972 493 4040; x_wconf 85' lang='lat' dir='ltr'><strong>quae</strong></span> <span class='ocrx_word' id='word_1_226' title='bbox 512 3951 694 4019; x_wconf 79' lang='lat' dir='ltr'><strong>Ausonium</strong></span> <span class='ocrx_word' id='word_1_227' title='bbox 715 3948 888 4016; x_wconf 81' lang='lat' dir='ltr'><strong>festivitate</strong></span> <span class='ocrx_word' id='word_1_228' title='bbox 904 3967 961 4014; x_wconf 90' lang='lat' dir='ltr'><strong>sua</strong></span> <span class='ocrx_word' id='word_1_229' title='bbox 980 3944 1134 4013; x_wconf 89' lang='lat' dir='ltr'><strong>leniebat.</strong></span> 
     </span>
     <span class='ocr_line' id='line_1_32' title="bbox 73 4061 1138 4157; baseline -0.004 -28"><span class='ocrx_word' id='word_1_230' title='bbox 73 4063 127 4130; x_wconf 77' lang='lat' dir='ltr'><strong>Ile</strong></span> <span class='ocrx_word' id='word_1_231' title='bbox 146 4062 267 4151; x_wconf 88' lang='lat' dir='ltr'><strong>quibus</strong></span> <span class='ocrx_word' id='word_1_232' title='bbox 286 4067 502 4157; x_wconf 90' lang='lat' dir='ltr'><strong>semetipsum</strong></span> <span class='ocrx_word' id='word_1_233' title='bbox 536 4073 668 4135; x_wconf 83' lang='lat' dir='ltr'><strong>excusat</strong></span> <span class='ocrx_word' id='word_1_234' title='bbox 685 4063 862 4132; x_wconf 83' lang='lat' dir='ltr'><strong>reticentiae</strong></span> <span class='ocrx_word' id='word_1_235' title='bbox 884 4082 926 4129; x_wconf 90' lang='lat' dir='ltr'><strong>ne</strong></span> <span class='ocrx_word' id='word_1_236' title='bbox 945 4061 1039 4129; x_wconf 92' lang='lat' dir='ltr'><strong>illum</strong></span> <span class='ocrx_word' id='word_1_237' title='bbox 1065 4080 1138 4148; x_wconf 94' lang='lat' dir='ltr'><strong>pro·</strong></span> 
     </span>
    </p>
   </div>
   <div class='ocr_carea' id='block_1_3' title="bbox 0 0 1370 4926">
    <p class='ocr_par' dir='ltr' id='par_1_5' title="bbox 0 0 1370 4926">
     <span class='ocr_line' id='line_1_33' title="bbox 0 0 1370 4926; baseline 0 2"><span class='ocrx_word' id='word_1_238' title='bbox 0 0 1370 4926; x_wconf 95' lang='lat' dir='ltr'><strong> </strong></span> 
     </span>
    </p>
   </div>
  </div>
 </body>
</html>
