<?xml version="1.0" encoding="UTF-8"?>
<!DOCTYPE html PUBLIC "-//W3C//DTD XHTML 1.0 Transitional//EN"
    "http://www.w3.org/TR/xhtml1/DTD/xhtml1-transitional.dtd">
<html xmlns="http://www.w3.org/1999/xhtml" xml:lang="en" lang="en">
 <head>
  <title>
</title>
<meta http-equiv="Content-Type" content="text/html;charset=utf-8" />
  <meta name='ocr-system' content='tesseract 3.04.00' />
  <meta name='ocr-capabilities' content='ocr_page ocr_carea ocr_par ocr_line ocrx_word'/>
</head>
<body>
  <div class='ocr_page' id='page_1' title='image "./dedmausoniioper00evergoog_0109.png"; bbox 0 0 2730 4926; ppageno 0'>
   <div class='ocr_carea' id='block_1_1' title="bbox 614 401 793 462">
    <p class='ocr_par' dir='ltr' id='par_1_1' title="bbox 614 401 793 462">
     <span class='ocr_line' id='line_1_1' title="bbox 614 401 793 462; baseline 0.006 -16"><span class='ocrx_word' id='word_1_1' title='bbox 614 401 793 462; x_wconf 78' lang='lat'>..92-</span> 
     </span>
    </p>
   </div>
   <div class='ocr_carea' id='block_1_2' title="bbox 274 582 1070 755">
    <p class='ocr_par' dir='ltr' id='par_1_2' title="bbox 274 582 1070 755">
     <span class='ocr_line' id='line_1_2' title="bbox 274 582 1070 658; baseline 0.006 -19"><span class='ocrx_word' id='word_1_2' title='bbox 274 582 417 640; x_wconf 71' lang='lat' dir='ltr'><strong><em>decedent</em></strong></span> <span class='ocrx_word' id='word_1_3' title='bbox 432 582 505 639; x_wconf 84' lang='lat' dir='ltr'><strong><em>vires</em></strong></span> <span class='ocrx_word' id='word_1_4' title='bbox 521 597 592 656; x_wconf 83' lang='lat' dir='ltr'><strong><em>ques</em></strong></span> <span class='ocrx_word' id='word_1_5' title='bbox 607 585 733 648; x_wconf 62' lang='lat' dir='ltr'><strong><em>frateio,</em></strong></span> <span class='ocrx_word' id='word_1_6' title='bbox 749 598 886 658; x_wconf 88' lang='lat' dir='ltr'><strong><em>quasque</em></strong></span> <span class='ocrx_word' id='word_1_7' title='bbox 899 583 1070 656; x_wconf 80' lang='lat' dir='ltr'><strong><em>Chamaves,</em></strong></span> 
     </span>
     <span class='ocr_line' id='line_1_3' title="bbox 277 681 1053 755; baseline 0.006 -17"><span class='ocrx_word' id='word_1_8' title='bbox 277 681 468 755; x_wconf 81' lang='lat' dir='ltr'><strong>Germanique</strong></span> <span class='ocrx_word' id='word_1_9' title='bbox 483 685 610 740; x_wconf 87' lang='lat' dir='ltr'><strong><em>tremant</em></strong></span> <span class='ocrx_word' id='word_1_10' title='bbox 623 697 630 738; x_wconf 90' lang='lat'>:</span> <span class='ocrx_word' id='word_1_11' title='bbox 645 687 710 738; x_wconf 83' lang='lat' dir='ltr'><strong><em>tune</em></strong></span> <span class='ocrx_word' id='word_1_12' title='bbox 724 699 805 740; x_wconf 83' lang='lat' dir='ltr'><strong><em>uerus</em></strong></span> <span class='ocrx_word' id='word_1_13' title='bbox 817 683 947 741; x_wconf 75' lang='lat' dir='ltr'><strong><em>habebere</em></strong></span> <span class='ocrx_word' id='word_1_14' title='bbox 962 684 1053 743; x_wconf 83' lang='lat' dir='ltr'><strong><em>limes.</em></strong></span> 
     </span>
    </p>
   </div>
   <div class='ocr_carea' id='block_1_3' title="bbox 169 828 1240 1634">
    <p class='ocr_par' dir='ltr' id='par_1_3' title="bbox 169 828 1240 1634">
     <span class='ocr_line' id='line_1_4' title="bbox 214 828 1239 948; baseline 0.006 -20"><span class='ocrx_word' id='word_1_15' title='bbox 214 828 377 928; x_wconf 79' lang='lat' dir='ltr'><strong><em>Ausonius</em></strong></span> <span class='ocrx_word' id='word_1_16' title='bbox 410 879 488 948; x_wconf 83' lang='lat' dir='ltr'><strong><em>ergo</em></strong></span> <span class='ocrx_word' id='word_1_17' title='bbox 526 860 651 928; x_wconf 89' lang='lat' dir='ltr'><strong><em>nullam</em></strong></span> <span class='ocrx_word' id='word_1_18' title='bbox 682 860 824 930; x_wconf 83' lang='lat' dir='ltr'><strong><em>munivit</em></strong></span> <span class='ocrx_word' id='word_1_19' title='bbox 849 881 968 931; x_wconf 82' lang='lat' dir='ltr'><strong><em>novam</em></strong></span> <span class='ocrx_word' id='word_1_20' title='bbox 996 861 1183 948; x_wconf 86' lang='lat' dir='ltr'><strong><em>rationem,</em></strong></span> <span class='ocrx_word' id='word_1_21' title='bbox 1209 873 1239 934; x_wconf 88' lang='lat' dir='ltr'><strong><em>et</em></strong></span> 
     </span>
     <span class='ocr_line' id='line_1_5' title="bbox 171 976 1239 1061; baseline 0.004 -15"><span class='ocrx_word' id='word_1_22' title='bbox 171 998 246 1046; x_wconf 86' lang='lat' dir='ltr'><strong><em>oum</em></strong></span> <span class='ocrx_word' id='word_1_23' title='bbox 265 976 300 1044; x_wconf 89' lang='lat' dir='ltr'><strong><em>in</em></strong></span> <span class='ocrx_word' id='word_1_24' title='bbox 316 976 488 1046; x_wconf 72' lang='lat' dir='ltr'><strong><em>sententiis</em></strong></span> <span class='ocrx_word' id='word_1_25' title='bbox 500 977 678 1046; x_wconf 81' lang='lat' dir='ltr'><strong><em>novitatem</em></strong></span> <span class='ocrx_word' id='word_1_26' title='bbox 694 977 797 1047; x_wconf 89' lang='lat' dir='ltr'><strong><em>nollet</em></strong></span> <span class='ocrx_word' id='word_1_27' title='bbox 813 978 974 1061; x_wconf 82' lang='lat' dir='ltr'><strong><em>inveniro,</em></strong></span> <span class='ocrx_word' id='word_1_28' title='bbox 991 979 1085 1049; x_wconf 89' lang='lat' dir='ltr'><strong><em>illam</em></strong></span> <span class='ocrx_word' id='word_1_29' title='bbox 1105 1001 1125 1050; x_wconf 88' lang='lat' dir='ltr'><strong><em>e</em></strong></span> <span class='ocrx_word' id='word_1_30' title='bbox 1142 981 1239 1050; x_wconf 87' lang='lat' dir='ltr'><strong><em>nimia</em></strong></span> 
     </span>
     <span class='ocr_line' id='line_1_6' title="bbox 169 1093 1240 1185; baseline 0.004 -21"><span class='ocrx_word' id='word_1_31' title='bbox 169 1094 217 1164; x_wconf 91' lang='lat' dir='ltr'><strong><em>rei</em></strong></span> <span class='ocrx_word' id='word_1_32' title='bbox 239 1094 382 1162; x_wconf 86' lang='lat' dir='ltr'><strong><em>metrioae</em></strong></span> <span class='ocrx_word' id='word_1_33' title='bbox 406 1093 647 1163; x_wconf 88' lang='lat' dir='ltr'><strong><em>oonseotatione</em></strong></span> <span class='ocrx_word' id='word_1_34' title='bbox 666 1096 792 1184; x_wconf 87' lang='lat' dir='ltr'><strong><em>petivit.</em></strong></span> <span class='ocrx_word' id='word_1_35' title='bbox 823 1097 859 1166; x_wconf 90' lang='lat' dir='ltr'><strong><em>ln</em></strong></span> <span class='ocrx_word' id='word_1_36' title='bbox 886 1097 1078 1185; x_wconf 79' lang='lat' dir='ltr'><strong><em>enigmata,</em></strong></span> <span class='ocrx_word' id='word_1_37' title='bbox 1111 1099 1240 1168; x_wconf 82' lang='lat' dir='ltr'><strong><em>acrosti-</em></strong></span> 
     </span>
     <span class='ocr_line' id='line_1_7' title="bbox 170 1210 1240 1301; baseline 0.006 -21"><span class='ocrx_word' id='word_1_38' title='bbox 170 1211 335 1293; x_wconf 87' lang='lat' dir='ltr'><strong><em>ohidesve,</em></strong></span> <span class='ocrx_word' id='word_1_39' title='bbox 353 1218 410 1279; x_wconf 88' lang='lat' dir='ltr'><strong><em>aut</em></strong></span> <span class='ocrx_word' id='word_1_40' title='bbox 422 1232 461 1279; x_wconf 82' lang='lat' dir='ltr'><strong><em>ex</em></strong></span> <span class='ocrx_word' id='word_1_41' title='bbox 475 1210 655 1301; x_wconf 84' lang='lat' dir='ltr'>imparibus</span> <span class='ocrx_word' id='word_1_42' title='bbox 671 1213 754 1280; x_wconf 83' lang='lat' dir='ltr'><strong><em>laeta</em></strong></span> <span class='ocrx_word' id='word_1_43' title='bbox 765 1213 914 1282; x_wconf 79' lang='lat' dir='ltr'><strong><em>uersibus</em></strong></span> <span class='ocrx_word' id='word_1_44' title='bbox 935 1213 1094 1297; x_wconf 84' lang='lat' dir='ltr'><strong><em>earmina,</em></strong></span> <span class='ocrx_word' id='word_1_45' title='bbox 1112 1217 1165 1285; x_wconf 87' lang='lat' dir='ltr'><strong><em>vel</em></strong></span> <span class='ocrx_word' id='word_1_46' title='bbox 1177 1237 1240 1286; x_wconf 86' lang='lat' dir='ltr'><strong><em>ver-</em></strong></span> 
     </span>
     <span class='ocr_line' id='line_1_8' title="bbox 170 1329 1238 1425; baseline 0.004 -24"><span class='ocrx_word' id='word_1_47' title='bbox 170 1352 226 1402; x_wconf 89' lang='lat' dir='ltr'><strong><em>sus</em></strong></span> <span class='ocrx_word' id='word_1_48' title='bbox 241 1331 276 1400; x_wconf 93' lang='lat' dir='ltr'><strong><em>in</em></strong></span> <span class='ocrx_word' id='word_1_49' title='bbox 291 1351 385 1399; x_wconf 87' lang='lat' dir='ltr'><strong><em>voees</em></strong></span> <span class='ocrx_word' id='word_1_50' title='bbox 399 1329 558 1420; x_wconf 89' lang='lat' dir='ltr'><strong><em>quasdam</em></strong></span> <span class='ocrx_word' id='word_1_51' title='bbox 571 1330 774 1415; x_wconf 81' lang='lat' dir='ltr'><strong><em>desinentes,</em></strong></span> <span class='ocrx_word' id='word_1_52' title='bbox 788 1339 887 1422; x_wconf 88' lang='lat' dir='ltr'><strong><em>atque</em></strong></span> <span class='ocrx_word' id='word_1_53' title='bbox 900 1332 1238 1425; x_wconf 87' lang='lat' dir='ltr'><strong><em>iisdaminoipientes,</em></strong></span> 
     </span>
     <span class='ocr_line' id='line_1_9' title="bbox 169 1447 1239 1539; baseline 0.002 -23"><span class='ocrx_word' id='word_1_54' title='bbox 169 1449 204 1516; x_wconf 91' lang='lat' dir='ltr'><strong><em>in</em></strong></span> <span class='ocrx_word' id='word_1_55' title='bbox 231 1447 303 1518; x_wconf 87' lang='lat' dir='ltr'><strong><em>illas</em></strong></span> <span class='ocrx_word' id='word_1_56' title='bbox 328 1448 443 1517; x_wconf 86' lang='lat' dir='ltr'><strong><em>inanes</em></strong></span> <span class='ocrx_word' id='word_1_57' title='bbox 464 1447 645 1538; x_wconf 74' lang='lat' dir='ltr'><strong><em>prestigias</em></strong></span> <span class='ocrx_word' id='word_1_58' title='bbox 674 1449 896 1539; x_wconf 83' lang='lat' dir='ltr'><strong><em>orationisque</em></strong></span> <span class='ocrx_word' id='word_1_59' title='bbox 917 1449 1159 1534; x_wconf 78' lang='lat' dir='ltr'><strong><em>contortiones,</em></strong></span> <span class='ocrx_word' id='word_1_60' title='bbox 1177 1451 1239 1521; x_wconf 84' lang='lat' dir='ltr'><strong><em>vim</em></strong></span> 
     </span>
     <span class='ocr_line' id='line_1_10' title="bbox 169 1563 485 1634; baseline -0.006 -1"><span class='ocrx_word' id='word_1_61' title='bbox 169 1565 313 1634; x_wconf 85' lang='lat' dir='ltr'><strong><em>nativam</em></strong></span> <span class='ocrx_word' id='word_1_62' title='bbox 328 1563 485 1634; x_wconf 79' lang='lat' dir='ltr'><strong><em>exercuit.</em></strong></span> 
     </span>
    </p>
   </div>
   <div class='ocr_carea' id='block_1_4' title="bbox 214 1680 1240 1776">
    <p class='ocr_par' dir='ltr' id='par_1_4' title="bbox 214 1680 1240 1776">
     <span class='ocr_line' id='line_1_11' title="bbox 214 1680 1240 1776; baseline 0.007 -27"><span class='ocrx_word' id='word_1_63' title='bbox 214 1683 250 1749; x_wconf 92' lang='lat' dir='ltr'><strong><em>In</em></strong></span> <span class='ocrx_word' id='word_1_64' title='bbox 262 1681 514 1771; x_wconf 84' lang='lat' dir='ltr'><strong><em>imperatoribus</em></strong></span> <span class='ocrx_word' id='word_1_65' title='bbox 526 1680 615 1750; x_wconf 89' lang='lat' dir='ltr'><strong><em>enim</em></strong></span> <span class='ocrx_word' id='word_1_66' title='bbox 627 1687 660 1751; x_wconf 87' lang='lat' dir='ltr'><strong><em>et</em></strong></span> <span class='ocrx_word' id='word_1_67' title='bbox 672 1701 737 1770; x_wconf 87' lang='lat' dir='ltr'><strong><em>qua</em></strong></span> <span class='ocrx_word' id='word_1_68' title='bbox 747 1680 937 1751; x_wconf 84' lang='lat' dir='ltr'><strong><em>nitebantur</em></strong></span> <span class='ocrx_word' id='word_1_69' title='bbox 950 1690 1114 1773; x_wconf 88' lang='lat' dir='ltr'><strong><em>potestate</em></strong></span> <span class='ocrx_word' id='word_1_70' title='bbox 1124 1687 1240 1776; x_wconf 81' lang='lat' dir='ltr'><strong><em>predi-</em></strong></span> 
     </span>
    </p>
   </div>
   <div class='ocr_carea' id='block_1_5' title="bbox 168 1807 1240 2486">
    <p class='ocr_par' dir='ltr' id='par_1_5' title="bbox 168 1807 1240 2486">
     <span class='ocr_line' id='line_1_12' title="bbox 170 1807 1240 1896; baseline 0.004 -18"><span class='ocrx_word' id='word_1_71' title='bbox 170 1807 282 1878; x_wconf 87' lang='lat' dir='ltr'><strong><em>oandis</em></strong></span> <span class='ocrx_word' id='word_1_72' title='bbox 301 1807 407 1896; x_wconf 83' lang='lat' dir='ltr'><strong><em>magis</em></strong></span> <span class='ocrx_word' id='word_1_73' title='bbox 423 1807 652 1891; x_wconf 86' lang='lat' dir='ltr'><strong><em>distinebatur,</em></strong></span> <span class='ocrx_word' id='word_1_74' title='bbox 671 1828 770 1895; x_wconf 90' lang='lat' dir='ltr'><strong><em>quam</em></strong></span> <span class='ocrx_word' id='word_1_75' title='bbox 786 1815 824 1877; x_wconf 94' lang='lat' dir='ltr'><strong><em>ut</em></strong></span> <span class='ocrx_word' id='word_1_76' title='bbox 838 1808 996 1878; x_wconf 81' lang='lat' dir='ltr'><strong><em>exoelsius</em></strong></span> <span class='ocrx_word' id='word_1_77' title='bbox 1012 1810 1168 1881; x_wconf 86' lang='lat' dir='ltr'><strong><em>sentiret.</em></strong></span> <span class='ocrx_word' id='word_1_78' title='bbox 1185 1813 1240 1882; x_wconf 78' lang='lat' dir='ltr'><strong><em>bs-</em></strong></span> 
     </span>
     <span class='ocr_line' id='line_1_13' title="bbox 170 1923 1240 2017; baseline 0.005 -23"><span class='ocrx_word' id='word_1_79' title='bbox 170 1923 393 1994; x_wconf 89' lang='lat' dir='ltr'><strong><em>sentationum</em></strong></span> <span class='ocrx_word' id='word_1_80' title='bbox 411 1944 486 1995; x_wconf 86' lang='lat' dir='ltr'><strong><em>vero</em></strong></span> <span class='ocrx_word' id='word_1_81' title='bbox 502 1923 650 1993; x_wconf 90' lang='lat' dir='ltr'><strong><em>studium</em></strong></span> <span class='ocrx_word' id='word_1_82' title='bbox 666 1924 783 1992; x_wconf 84' lang='lat' dir='ltr'><strong><em>animae</em></strong></span> <span class='ocrx_word' id='word_1_83' title='bbox 796 1925 967 1995; x_wconf 82' lang='lat' dir='ltr'><strong><em>servitium</em></strong></span> <span class='ocrx_word' id='word_1_84' title='bbox 987 1926 1171 2017; x_wconf 83' lang='lat' dir='ltr'><strong><em>cordisque</em></strong></span> <span class='ocrx_word' id='word_1_85' title='bbox 1187 1929 1240 1999; x_wconf 77' lang='lat' dir='ltr'><strong><em>ste</em></strong></span> 
     </span>
     <span class='ocr_line' id='line_1_14' title="bbox 171 2038 1240 2130; baseline 0.008 -23"><span class='ocrx_word' id='word_1_86' title='bbox 171 2038 309 2109; x_wconf 87' lang='lat' dir='ltr'><strong><em>ditatam</em></strong></span> <span class='ocrx_word' id='word_1_87' title='bbox 328 2039 462 2109; x_wconf 83' lang='lat' dir='ltr'><strong><em>indicat.</em></strong></span> <span class='ocrx_word' id='word_1_88' title='bbox 481 2041 562 2108; x_wconf 89' lang='lat' dir='ltr'><strong><em>Nam</em></strong></span> <span class='ocrx_word' id='word_1_89' title='bbox 574 2045 670 2130; x_wconf 89' lang='lat' dir='ltr'><strong><em>poeta</em></strong></span> <span class='ocrx_word' id='word_1_90' title='bbox 684 2041 734 2109; x_wconf 93' lang='lat' dir='ltr'><strong><em>sui</em></strong></span> <span class='ocrx_word' id='word_1_91' title='bbox 745 2041 831 2130; x_wconf 87' lang='lat' dir='ltr'><strong><em>juris</em></strong></span> <span class='ocrx_word' id='word_1_92' title='bbox 847 2040 946 2110; x_wconf 86' lang='lat' dir='ltr'><strong><em>dabat</em></strong></span> <span class='ocrx_word' id='word_1_93' title='bbox 960 2063 1046 2126; x_wconf 87' lang='lat' dir='ltr'><strong><em>esse,</em></strong></span> <span class='ocrx_word' id='word_1_94' title='bbox 1063 2065 1129 2114; x_wconf 88' lang='lat' dir='ltr'><strong><em>neo</em></strong></span> <span class='ocrx_word' id='word_1_95' title='bbox 1146 2067 1240 2116; x_wconf 87' lang='lat' dir='ltr'><strong><em>musa</em></strong></span> 
     </span>
     <span class='ocr_line' id='line_1_15' title="bbox 172 2155 1240 2252; baseline 0.005 -25"><span class='ocrx_word' id='word_1_96' title='bbox 172 2157 272 2227; x_wconf 93' lang='lat' dir='ltr'><strong><em>ullius</em></strong></span> <span class='ocrx_word' id='word_1_97' title='bbox 298 2157 437 2248; x_wconf 89' lang='lat' dir='ltr'><strong><em>imperio</em></strong></span> <span class='ocrx_word' id='word_1_98' title='bbox 458 2165 491 2225; x_wconf 90' lang='lat' dir='ltr'><strong><em>et</em></strong></span> <span class='ocrx_word' id='word_1_99' title='bbox 518 2155 650 2226; x_wconf 89' lang='lat' dir='ltr'><strong><em>arbitrio</em></strong></span> <span class='ocrx_word' id='word_1_100' title='bbox 675 2155 805 2246; x_wconf 82' lang='lat' dir='ltr'><strong><em>subjici.</em></strong></span> <span class='ocrx_word' id='word_1_101' title='bbox 839 2159 1002 2228; x_wconf 76' lang='lat' dir='ltr'><strong><em>Ausonius</em></strong></span> <span class='ocrx_word' id='word_1_102' title='bbox 1030 2181 1145 2249; x_wconf 88' lang='lat' dir='ltr'><strong><em>porro,</em></strong></span> <span class='ocrx_word' id='word_1_103' title='bbox 1186 2162 1240 2252; x_wconf 92' lang='lat' dir='ltr'><strong><em>qui</em></strong></span> 
     </span>
     <span class='ocr_line' id='line_1_16' title="bbox 172 2273 1240 2356; baseline 0.004 -12"><span class='ocrx_word' id='word_1_104' title='bbox 172 2273 262 2344; x_wconf 87' lang='lat' dir='ltr'><strong><em>haud</em></strong></span> <span class='ocrx_word' id='word_1_105' title='bbox 282 2275 385 2343; x_wconf 88' lang='lat' dir='ltr'><strong><em>semel</em></strong></span> <span class='ocrx_word' id='word_1_106' title='bbox 398 2273 539 2343; x_wconf 88' lang='lat' dir='ltr'><strong><em>latinum</em></strong></span> <span class='ocrx_word' id='word_1_107' title='bbox 558 2293 759 2356; x_wconf 89' lang='lat' dir='ltr'><strong><em>sermonem,</em></strong></span> <span class='ocrx_word' id='word_1_108' title='bbox 782 2274 932 2344; x_wconf 76' lang='lat' dir='ltr'><strong><em>omnbum</em></strong></span> <span class='ocrx_word' id='word_1_109' title='bbox 944 2275 1194 2347; x_wconf 82' lang='lat' dir='ltr'><strong><em>ferocissimum</em></strong></span> <span class='ocrx_word' id='word_1_110' title='bbox 1205 2299 1240 2348; x_wconf 86' lang='lat' dir='ltr'><strong><em>ao</em></strong></span> 
     </span>
     <span class='ocr_line' id='line_1_17' title="bbox 168 2387 1238 2486; baseline 0.004 -28"><span class='ocrx_word' id='word_1_111' title='bbox 168 2389 313 2459; x_wconf 83' lang='lat' dir='ltr'><strong><em>marimo</em></strong></span> <span class='ocrx_word' id='word_1_112' title='bbox 330 2389 474 2458; x_wconf 88' lang='lat' dir='ltr'><strong><em>libertati</em></strong></span> <span class='ocrx_word' id='word_1_113' title='bbox 502 2387 674 2486; x_wconf 80' lang='lat' dir='ltr'><strong><em>laudande</em></strong></span> <span class='ocrx_word' id='word_1_114' title='bbox 699 2395 827 2479; x_wconf 87' lang='lat' dir='ltr'><strong><em>aptum,</em></strong></span> <span class='ocrx_word' id='word_1_115' title='bbox 845 2388 1047 2459; x_wconf 80' lang='lat' dir='ltr'><strong><em>deformibus</em></strong></span> <span class='ocrx_word' id='word_1_116' title='bbox 1069 2391 1238 2482; x_wconf 88' lang='lat' dir='ltr'><strong><em>obsequiis</em></strong></span> 
     </span>
    </p>
   </div>
   <div class='ocr_carea' id='block_1_6' title="bbox 83 2503 1238 3734">
    <p class='ocr_par' dir='ltr' id='par_1_6' title="bbox 83 2503 1238 3734">
     <span class='ocr_line' id='line_1_18' title="bbox 169 2503 1238 2595; baseline 0.001 -19"><span class='ocrx_word' id='word_1_117' title='bbox 169 2504 580 2588; x_wconf 70' lang='lat' dir='ltr'><strong><em>accommodavitneeesso</em></strong></span> <span class='ocrx_word' id='word_1_118' title='bbox 593 2512 662 2574; x_wconf 88' lang='lat' dir='ltr'><strong><em>orat</em></strong></span> <span class='ocrx_word' id='word_1_119' title='bbox 675 2512 713 2574; x_wconf 93' lang='lat' dir='ltr'><strong><em>ut</em></strong></span> <span class='ocrx_word' id='word_1_120' title='bbox 728 2503 957 2594; x_wconf 84' lang='lat' dir='ltr'><strong><em>degeneraret,</em></strong></span> <span class='ocrx_word' id='word_1_121' title='bbox 974 2512 1074 2595; x_wconf 88' lang='lat' dir='ltr'><strong><em>atque</em></strong></span> <span class='ocrx_word' id='word_1_122' title='bbox 1090 2514 1133 2576; x_wconf 81' lang='lat' dir='ltr'><strong><em>ex</em></strong></span> <span class='ocrx_word' id='word_1_123' title='bbox 1150 2508 1238 2577; x_wconf 90' lang='lat' dir='ltr'><strong><em>illius</em></strong></span> 
     </span>
     <span class='ocr_line' id='line_1_19' title="bbox 169 2618 1238 2709; baseline 0.001 -19"><span class='ocrx_word' id='word_1_124' title='bbox 169 2619 326 2702; x_wconf 87' lang='lat' dir='ltr'><strong><em>oratione,</em></strong></span> <span class='ocrx_word' id='word_1_125' title='bbox 344 2618 476 2708; x_wconf 85' lang='lat' dir='ltr'><strong><em>turgida</em></strong></span> <span class='ocrx_word' id='word_1_126' title='bbox 495 2618 593 2688; x_wconf 91' lang='lat' dir='ltr'><strong><em>modo</em></strong></span> <span class='ocrx_word' id='word_1_127' title='bbox 613 2628 646 2689; x_wconf 90' lang='lat' dir='ltr'><strong><em>et</em></strong></span> <span class='ocrx_word' id='word_1_128' title='bbox 661 2627 870 2708; x_wconf 82' lang='lat' dir='ltr'><strong><em>exaggerata,</em></strong></span> <span class='ocrx_word' id='word_1_129' title='bbox 887 2620 996 2709; x_wconf 87' lang='lat' dir='ltr'><strong><em>potius</em></strong></span> <span class='ocrx_word' id='word_1_130' title='bbox 1012 2619 1149 2691; x_wconf 84' lang='lat' dir='ltr'><strong><em>dicandi</em></strong></span> <span class='ocrx_word' id='word_1_131' title='bbox 1165 2642 1238 2694; x_wconf 85' lang='lat' dir='ltr'><strong><em>aon-</em></strong></span> 
     </span>
     <span class='ocr_line' id='line_1_20' title="bbox 83 2710 917 2824; baseline 0 -19"><span class='ocrx_word' id='word_1_132' title='bbox 83 2710 97 2741; x_wconf 70' lang='grc'>”</span> <span class='ocrx_word' id='word_1_133' title='bbox 169 2736 308 2806; x_wconf 78' lang='lat' dir='ltr'><strong><em>tinnitus</em></strong></span> <span class='ocrx_word' id='word_1_134' title='bbox 321 2754 421 2824; x_wconf 87' lang='lat' dir='ltr'><strong><em>quam</em></strong></span> <span class='ocrx_word' id='word_1_135' title='bbox 441 2734 531 2805; x_wconf 85' lang='lat' dir='ltr'><strong><em>divos</em></strong></span> <span class='ocrx_word' id='word_1_136' title='bbox 546 2736 675 2824; x_wconf 86' lang='lat' dir='ltr'><strong><em>ingenii</em></strong></span> <span class='ocrx_word' id='word_1_137' title='bbox 689 2755 772 2805; x_wconf 84' lang='lat' dir='ltr'><strong><em>vana</em></strong></span> <span class='ocrx_word' id='word_1_138' title='bbox 787 2735 917 2806; x_wconf 85' lang='lat' dir='ltr'><strong><em>flueret.</em></strong></span> 
     </span>
     <span class='ocr_line' id='line_1_21' title="bbox 213 2850 1236 2942; baseline 0.003 -22"><span class='ocrx_word' id='word_1_139' title='bbox 213 2851 271 2920; x_wconf 85' lang='lat' dir='ltr'><strong><em>llio</em></strong></span> <span class='ocrx_word' id='word_1_140' title='bbox 297 2858 408 2920; x_wconf 89' lang='lat' dir='ltr'><strong><em>tamen</em></strong></span> <span class='ocrx_word' id='word_1_141' title='bbox 434 2850 568 2940; x_wconf 89' lang='lat' dir='ltr'><strong><em>plausus</em></strong></span> <span class='ocrx_word' id='word_1_142' title='bbox 593 2871 611 2920; x_wconf 90' lang='lat' dir='ltr'><strong><em>e</em></strong></span> <span class='ocrx_word' id='word_1_143' title='bbox 640 2851 790 2921; x_wconf 89' lang='lat' dir='ltr'><strong><em>delibatis</em></strong></span> <span class='ocrx_word' id='word_1_144' title='bbox 816 2852 892 2921; x_wconf 92' lang='lat' dir='ltr'><strong><em>viris</em></strong></span> <span class='ocrx_word' id='word_1_145' title='bbox 920 2852 1067 2936; x_wconf 79' lang='lat' dir='ltr'><strong><em>extorsit,</em></strong></span> <span class='ocrx_word' id='word_1_146' title='bbox 1093 2874 1236 2942; x_wconf 92' lang='lat' dir='ltr'><strong><em>quorum</em></strong></span> 
     </span>
     <span class='ocr_line' id='line_1_22' title="bbox 163 2967 1235 3058; baseline 0.001 -20"><span class='ocrx_word' id='word_1_147' title='bbox 163 2967 328 3058; x_wconf 78' lang='lat' dir='ltr'><strong><em>juditium</em></strong></span> <span class='ocrx_word' id='word_1_148' title='bbox 349 2967 505 3037; x_wconf 91' lang='lat' dir='ltr'><strong><em>obtusum</em></strong></span> <span class='ocrx_word' id='word_1_149' title='bbox 521 2967 652 3037; x_wconf 81' lang='lat' dir='ltr'><strong><em>dornitae</em></strong></span> <span class='ocrx_word' id='word_1_150' title='bbox 673 2968 876 3038; x_wconf 81' lang='lat' dir='ltr'><strong><em>difficultatis</em></strong></span> <span class='ocrx_word' id='word_1_151' title='bbox 893 2968 1028 3038; x_wconf 86' lang='lat' dir='ltr'><strong><em>sallaoiis</em></strong></span> <span class='ocrx_word' id='word_1_152' title='bbox 1043 2968 1146 3039; x_wconf 92' lang='lat' dir='ltr'><strong><em>modo</em></strong></span> <span class='ocrx_word' id='word_1_153' title='bbox 1167 2991 1235 3039; x_wconf 92' lang='lat' dir='ltr'><strong><em>mo-</em></strong></span> 
     </span>
     <span class='ocr_line' id='line_1_23' title="bbox 167 3084 1233 3176; baseline -0.001 -21"><span class='ocrx_word' id='word_1_154' title='bbox 167 3085 318 3168; x_wconf 84' lang='lat' dir='ltr'><strong><em>vebatur;</em></strong></span> <span class='ocrx_word' id='word_1_155' title='bbox 344 3087 403 3153; x_wconf 91' lang='lat' dir='ltr'><strong><em>has</em></strong></span> <span class='ocrx_word' id='word_1_156' title='bbox 419 3104 495 3155; x_wconf 84' lang='lat' dir='ltr'><strong><em>vero</em></strong></span> <span class='ocrx_word' id='word_1_157' title='bbox 514 3084 628 3154; x_wconf 90' lang='lat' dir='ltr'><strong><em>laudes</em></strong></span> <span class='ocrx_word' id='word_1_158' title='bbox 652 3085 739 3175; x_wconf 90' lang='lat' dir='ltr'><strong><em>apud</em></strong></span> <span class='ocrx_word' id='word_1_159' title='bbox 753 3092 901 3176; x_wconf 89' lang='lat' dir='ltr'><strong><em>posteros</em></strong></span> <span class='ocrx_word' id='word_1_160' title='bbox 921 3106 988 3154; x_wconf 92' lang='lat' dir='ltr'><strong><em>non</em></strong></span> <span class='ocrx_word' id='word_1_161' title='bbox 1002 3085 1161 3170; x_wconf 87' lang='lat' dir='ltr'><strong><em>obtinuit,</em></strong></span> <span class='ocrx_word' id='word_1_162' title='bbox 1179 3085 1233 3175; x_wconf 91' lang='lat' dir='ltr'><strong><em>qui</em></strong></span> 
     </span>
     <span class='ocr_line' id='line_1_24' title="bbox 165 3200 1235 3292; baseline 0 -22"><span class='ocrx_word' id='word_1_163' title='bbox 165 3200 276 3292; x_wconf 91' lang='lat' dir='ltr'><strong><em>ipsum</em></strong></span> <span class='ocrx_word' id='word_1_164' title='bbox 287 3200 431 3291; x_wconf 87' lang='lat' dir='ltr'><strong><em>paritum</em></strong></span> <span class='ocrx_word' id='word_1_165' title='bbox 447 3200 583 3289; x_wconf 88' lang='lat' dir='ltr'><strong><em>quidem</em></strong></span> <span class='ocrx_word' id='word_1_166' title='bbox 603 3202 859 3289; x_wconf 84' lang='lat' dir='ltr'><strong><em>elegantemque</em></strong></span> <span class='ocrx_word' id='word_1_167' title='bbox 882 3201 1066 3270; x_wconf 82' lang='lat' dir='ltr'><strong><em>carminum</em></strong></span> <span class='ocrx_word' id='word_1_168' title='bbox 1086 3201 1235 3271; x_wconf 87' lang='lat' dir='ltr'><strong><em>eondito-</em></strong></span> 
     </span>
     <span class='ocr_line' id='line_1_25' title="bbox 166 3314 1232 3407; baseline -0.002 -21"><span class='ocrx_word' id='word_1_169' title='bbox 166 3331 238 3386; x_wconf 88' lang='lat' dir='ltr'><strong><em>rem</em></strong></span> <span class='ocrx_word' id='word_1_170' title='bbox 261 3316 540 3399; x_wconf 77' lang='lat' dir='ltr'><strong><em>existimauerunt,</em></strong></span> <span class='ocrx_word' id='word_1_171' title='bbox 566 3317 614 3387; x_wconf 92' lang='lat' dir='ltr'><strong><em>illi</em></strong></span> <span class='ocrx_word' id='word_1_172' title='bbox 640 3324 752 3386; x_wconf 90' lang='lat' dir='ltr'><strong><em>autem</em></strong></span> <span class='ocrx_word' id='word_1_173' title='bbox 767 3318 830 3386; x_wconf 90' lang='lat' dir='ltr'><strong><em>hoo</em></strong></span> <span class='ocrx_word' id='word_1_174' title='bbox 851 3323 954 3407; x_wconf 81' lang='lat' dir='ltr'><strong><em>poete</em></strong></span> <span class='ocrx_word' id='word_1_175' title='bbox 968 3334 1105 3400; x_wconf 88' lang='lat' dir='ltr'><strong><em>nomen,</em></strong></span> <span class='ocrx_word' id='word_1_176' title='bbox 1129 3314 1232 3406; x_wconf 90' lang='lat' dir='ltr'><strong><em>quod,</em></strong></span> 
     </span>
     <span class='ocr_line' id='line_1_26' title="bbox 167 3431 1232 3524; baseline -0.001 -21"><span class='ocrx_word' id='word_1_177' title='bbox 167 3441 204 3503; x_wconf 88' lang='lat' dir='ltr'><strong><em>ut</em></strong></span> <span class='ocrx_word' id='word_1_178' title='bbox 213 3434 289 3524; x_wconf 88' lang='lat' dir='ltr'><strong><em>jure</em></strong></span> <span class='ocrx_word' id='word_1_179' title='bbox 304 3433 346 3501; x_wconf 87' lang='lat' dir='ltr'><strong><em>M.</em></strong></span> <span class='ocrx_word' id='word_1_180' title='bbox 365 3432 489 3502; x_wconf 86' lang='lat' dir='ltr'><strong><em>Tullius</em></strong></span> <span class='ocrx_word' id='word_1_181' title='bbox 503 3432 656 3517; x_wconf 86' lang='lat' dir='ltr'><strong><em>affirmat,</em></strong></span> <span class='ocrx_word' id='word_1_182' title='bbox 676 3432 799 3521; x_wconf 85' lang='lat' dir='ltr'><strong><em>«quasi</em></strong></span> <span class='ocrx_word' id='word_1_183' title='bbox 812 3432 870 3501; x_wconf 85' lang='lat' dir='ltr'><strong><em>Dei</em></strong></span> <span class='ocrx_word' id='word_1_184' title='bbox 886 3432 994 3522; x_wconf 86' lang='lat' dir='ltr'><strong><em>aliquo</em></strong></span> <span class='ocrx_word' id='word_1_185' title='bbox 1009 3431 1096 3500; x_wconf 92' lang='lat' dir='ltr'><strong><em>dono</em></strong></span> <span class='ocrx_word' id='word_1_186' title='bbox 1109 3452 1148 3500; x_wconf 87' lang='lat' dir='ltr'><strong><em>ao</em></strong></span> <span class='ocrx_word' id='word_1_187' title='bbox 1160 3453 1232 3502; x_wconf 90' lang='lat' dir='ltr'><strong><em>mu·</em></strong></span> 
     </span>
     <span class='ocr_line' id='line_1_27' title="bbox 166 3546 1235 3632; baseline 0.001 -14"><span class='ocrx_word' id='word_1_188' title='bbox 166 3569 246 3620; x_wconf 86' lang='lat' dir='ltr'><strong><em>nere</em></strong></span> <span class='ocrx_word' id='word_1_189' title='bbox 269 3548 537 3619; x_wconf 79' lang='lat' dir='ltr'><strong><em>commendatum</em></strong></span> <span class='ocrx_word' id='word_1_190' title='bbox 552 3549 647 3618; x_wconf 91' lang='lat' dir='ltr'><strong><em>nobis</em></strong></span> <span class='ocrx_word' id='word_1_191' title='bbox 666 3568 739 3618; x_wconf 89' lang='lat' dir='ltr'><strong><em>esse</em></strong></span> <span class='ocrx_word' id='word_1_192' title='bbox 757 3548 887 3619; x_wconf 84' lang='lat' dir='ltr'><strong><em>ridetur</em></strong></span> <span class='ocrx_word' id='word_1_193' title='bbox 907 3575 938 3632; x_wconf 90' lang='lat'><strong><em>»,</em></strong></span> <span class='ocrx_word' id='word_1_194' title='bbox 956 3546 1097 3618; x_wconf 90' lang='lat' dir='ltr'><strong><em>minime</em></strong></span> <span class='ocrx_word' id='word_1_195' title='bbox 1119 3566 1235 3619; x_wconf 82' lang='lat' dir='ltr'><strong><em>eonon·</em></strong></span> 
     </span>
     <span class='ocr_line' id='line_1_28' title="bbox 167 3661 259 3734; baseline 0.011 -2"><span class='ocrx_word' id='word_1_196' title='bbox 167 3661 259 3734; x_wconf 82' lang='lat' dir='ltr'><strong><em>dent.</em></strong></span> 
     </span>
    </p>
   </div>
   <div class='ocr_carea' id='block_1_7' title="bbox 0 0 1375 4926">
    <p class='ocr_par' dir='ltr' id='par_1_7' title="bbox 0 0 1375 4926">
     <span class='ocr_line' id='line_1_29' title="bbox 0 0 1375 4926; baseline 0 0"><span class='ocrx_word' id='word_1_197' title='bbox 0 0 1375 4926; x_wconf 95' lang='lat' dir='ltr'><strong><em> </em></strong></span> 
     </span>
    </p>
   </div>
  </div>
 </body>
</html>
