2730 4926
649 385 850 463 ...ffl-

218 552 415 624 firmissimis
439 551 643 640 argumentis
678 550 842 619 subtiliter
860 549 1114 631 confirmaverit,
1136 546 1289 636 indeque

218 670 393 739 verborum
408 676 596 751 contextus,
617 688 717 756 quem
738 675 833 735 anton
859 666 970 735 nullus
995 663 1156 756 probabili
1186 683 1291 733 sensu

217 783 395 875 approbare
410 791 549 872 poterat,
567 802 655 850 nunc
670 780 806 850 illustris
822 779 1052 867 dilucidusque
1066 778 1135 847 fiat.

260 902 408 970 lamvero
424 920 556 969 versum
576 900 616 964 ll
635 897 729 987 epist.
748 900 772 964 li
789 895 829 964 nd
847 896 885 963 A.
904 897 1058 978 Paulum,
1076 895 1119 963 ob
1141 914 1290 984 graecam

218 1038 331 1087 vocem
345 1037 459 1086 rursus
480 1017 653 1097 incertam,
671 1014 822 1082 nonnulli
847 1013 983 1083 diversis
1003 1011 1112 1081 modis
1127 1011 1292 1103 interpre-

217 1133 316 1203 tnndo
332 1134 598 1224 explanaverunt.

220 1298 243 1338 -ἱ
393 1300 546 1358 Nobiscum
561 1296 691 1354 invenies
704 1297 857 1350 κατενόπλια
871 1296 893 1352 si
906 1297 977 1354 libet
988 1295 1076 1359 uti...,
1139 1318 1144 1327 ·

219 1427 223 1434 ¹
237 1446 240 1451 ’
260 1408 404 1514 Schenkl
418 1419 558 1513 mutauit
570 1443 626 1510 in:

392 1603 546 1662 Nobiscum
561 1602 689 1659 invenies
702 1605 896 1670 curmontium„

221 1767 231 1801 ·.
246 1747 294 1823 *et
313 1737 507 1807 llezeimeris
527 1738 582 1806 in:

391 1907 543 1964 Nobiscum
555 1909 586 1962 ut
595 1905 696 1962 venias
710 1913 764 1958 κατ’
778 1905 904 1960 ἐνώπια...

259 2041 347 2122 Uter,
366 2041 553 2110 Schenklne
569 2062 611 2108 nn
626 2040 839 2121 Bezeimeris‚
861 2059 970 2107 veram
989 2057 1165 2107 censuram
1180 2037 1287 2108 dede-

214 2157 268 2239 rit,
283 2177 369 2246 aegre
383 2158 574 2225 estimetur.
599 2155 757 2224 Eamdem
787 2156 877 2224 enim
891 2154 1165 2244 significationem
1178 2178 1284 2251 quam

212 2282 396 2346 κατεναντία
414 2273 559 2363 praehere
574 2280 682 2363 polest
696 2276 770 2343 κατ’
797 2277 911 2343 ἐνώπια
935 2271 962 2340 si
983 2283 1163 2346 κατενώπια
1191 2273 1287 2362 lege·

212 2406 285 2481 tur;
308 2398 366 2467 sed
385 2397 499 2467 dubito
515 2420 556 2466 nn
586 2427 601 2460 o
618 2406 656 2466 ut
674 2398 784 2468 venias
799 2424 815 2458 »
840 2396 1082 2466 admittendum
1109 2398 1169 2481 sit,
1206 2419 1286 2467 cum

211 2512 339 2582 codices
357 2541 373 2576 o
387 2513 536 2582 invenies
548 2539 564 2574 ν
583 2513 774 2597 exhibeant,
797 2513 1023 2597 commentia,
1045 2534 1063 2580 n
1081 2514 1285 2583 llezeimeris

211 2628 384 2718 explicata,
403 2628 492 2697 houd
508 2627 649 2697 fideliter
663 2631 725 2697 hoc
744 2629 842 2698 modo
861 2631 1071 2720 exprimetur,
1092 2651 1129 2698 eo
1143 2651 1285 2720 praeser-

210 2744 271 2812 tim
286 2743 402 2813 endem
419 2745 517 2814 verba
531 2772 542 2806 r
558 2745 730 2813 nobiscum
748 2747 923 2815 invenies»
941 2746 974 2814 in
989 2745 1170 2837 penultimo
1182 2768 1284 2817 versu

211 2861 307 2951 epist.
326 2862 397 2931 Vlll
417 2860 458 2929 ad
478 2859 633 2929 eumdem
654 2862 792 2929 Paulum
812 2861 928 2932 eodem
949 2883 1049 2931 sensu
1068 2864 1285 2952 pronuntiata

209 2977 384 3066 reperiam.
415 2979 531 3046 Fateor
550 2985 662 3046 tamen
682 2979 751 3046 hoec
770 2979 867 3047 verba
899 3007 915 3041 α
932 2979 1105 3048 nobiscum
1129 2979 1282 3050 invenies

209 3095 384 3164 κατενώπια
400 3094 451 3162 vel
466 3097 650 3166 κατεναντία
666 3121 681 3156 ν
700 3116 767 3163 non
783 3102 892 3184 operte
907 3114 1004 3183 posse
1019 3094 1172 3182 intelligi.

218 3257 236 3298 3,
248 3216 411 3301 *Tandem
433 3218 468 3285 in
484 3219 579 3308 epist.
597 3219 638 3286 lil
656 3218 697 3286 nd
712 3219 862 3301 Paulum,
878 3240 950 3307 quae
965 3218 1108 3309 pedestri
1123 3239 1282 3291 sermone

207 3333 276 3414 lere
289 3340 356 3412 tote
370 3334 533 3418 conditur,
549 3355 607 3425 pro
626 3363 642 3398 «
654 3335 797 3425 denique
812 3336 1001 3419 Ilissonum,
1019 3357 1118 3425 quem
1134 3336 1283 3406 Colono-

207 3471 287 3517 moo
301 3450 508 3535 existimo...‚
530 3450 714 3520 edoceri...
732 3473 770 3520 cn
800 3472 872 3540 quae
891 3451 950 3521 tibi
965 3451 1036 3540 jam
1065 3451 1187 3521 cursim
1207 3455 1282 3525 fue-

206 3568 435 3651 rantrecitota‚
448 3568 632 3636 transmitto
647 3595 679 3651 ν,
695 3607 738 3619 -
758 3568 901 3637 Schenkl
921 3573 965 3659 (p.
986 3568 1060 3660 169)
1074 3569 1174 3657 legit:
1194 3571 1281 3642 «de-

205 3680 307 3769 nique
323 3682 492 3767 bisonem,
520 3704 620 3773 quem
633 3689 678 3775 -ν-
692 3685 813 3754 tolleno
829 3685 864 3753 in
877 3685 1084 3769 eristimo...‚
1108 3684 1278 3772 addere‚..

205 3799 391 3881 transmisi;
425 3827 441 3861 »
473 3839 515 3850 -
542 3800 738 3869 bezeimeris
759 3821 857 3870 vero:
880 3830 896 3865 α
917 3801 1065 3891 Denique
1080 3802 1277 3890 bissonum,

203 3932 303 4000 quem
329 3923 557 4014 χωλόνομον...,
587 3916 836 4002 admovere‚....
873 3918 1052 3987 transmisi.
1082 3945 1098 3981 ν
1128 3919 1284 4010 liujusce

202 4037 344 4114 lectione
364 4044 536 4114 sententio
563 4063 680 4112 sensus
696 4043 791 4112 facile
821 4044 916 4113 nobis
931 4045 1111 4136 explicatus
1126 4043 1280 4117 uidetur.-
