2730 4926
577 400 733 458 -7..

164 558 373 630 Grammatici
392 560 494 647 igitur
520 566 668 629 auctores
687 559 844 647 legebant
856 559 896 628 'et
920 561 1177 652 interpretaban-

120 687 186 765 tur.
204 676 379 767 Oportebat
392 686 429 745 ut
442 676 638 745 lectionibus
648 677 788 766 publicis
799 679 1096 768 manuscriptorum
1108 681 1177 748 ino-

113 797 203 887 piam
221 795 422 884 supplerent,
440 801 473 862 et
492 795 687 883 scriptorum
707 802 872 862 servarent
895 795 1130 882 integritatem,
1159 818 1177 863 a

114 910 254 981 librariis
269 911 304 977 in
322 909 497 978 discrimen
517 909 703 991 adductam,
727 915 825 996 atque
847 911 1002 999 ancipites
1023 912 1174 980 obscuro·

114 1047 189 1095 rum
203 1027 349 1095 locorum
357 1025 612 1113 significationes
622 1026 829 1114 explicarent.
843 1027 1061 1104 Quamobrem
1071 1048 1175 1115 gram-

112 1142 222 1210 matici
238 1161 359 1209 munus
375 1149 441 1209 tam
456 1163 552 1228 grave
569 1163 668 1230 quam
684 1142 813 1210 diflicile
830 1141 996 1211 evadebat.

157 1260 343 1326 Tentavere
360 1257 542 1326 eruditione
558 1267 590 1326 et
605 1260 743 1327 acuitate
758 1259 884 1346 ingenii
899 1260 1061 1329 Ausonius
1081 1261 1172 1329 audi-

112 1384 199 1443 tores
215 1375 461 1463 grammaticam
482 1383 585 1442 artem
598 1375 718 1457 docuit,
732 1383 768 1442 ut
789 1377 940 1444 celeriter
954 1378 1106 1446 omnibus
1120 1400 1175 1445 an-

112 1490 264 1560 tecellere
279 1490 365 1558 lama
381 1491 443 1580 ipsi
458 1491 644 1578 contigerit.
664 1495 791 1579 ltaque,
812 1491 903 1560 brevi
918 1500 1077 1582 tempore,
1100 1496 1175 1562 rhe-

112 1607 192 1675 toris
208 1627 347 1675 munere
358 1607 454 1695 fungi
460 1607 573 1696 jussus
585 1606 658 1675 fuit.
675 1590 801 1674 Rhetor
812 1607 913 1689 enim,
930 1617 1089 1696 quantum
1104 1629 1175 1676 oon·

107 1723 236 1818 jactura
249 1745 419 1811 assequor,
437 1725 552 1812 majori
564 1725 793 1812 honorequam
805 1725 1036 1812 grammaticus
1050 1726 1174 1794 coleba-

113 1842 198 1924 tur¹,
220 1840 376 1928 cumlege
390 1862 407 1908 a
423 1841 572 1909 Gratiano
583 1840 1173 1931 imperatorelata(annoCCCLllllVl)

112 1965 241 2025 constet
262 1959 427 2026 rhetorem
445 1980 462 2025 a
485 1958 563 2026 fisco
579 1957 848 2046 vigintiquatuor
865 1980 1069 2026 annonarum
1084 1980 1173 2027 emo-

110 2074 267 2142 lumentis
277 2074 402 2157 donari,
414 2076 665 2162 grammaticum
673 2086 795 2159 autem,
806 2076 945 2145 latinum
954 2077 1004 2144 vel
1015 2096 1169 2164 gracum,

112 2197 240 2260 tantum
259 2191 446 2260 duodecim.
474 2191 565 2260 Adde
586 2192 674 2280 quod
693 2195 862 2260 rhetorum
881 2193 1025 2261 officium
1051 2191 1090 2259 ad
1120 2212 1171 2259 res

109 2308 213 2375 multo
229 2308 384 2396 gravioris
400 2309 559 2376 momenti
576 2308 771 2397 pertinebat.
782 2310 862 2375 Nam
875 2310 922 2390 hi,
939 2309 1095 2388 virorum,
1114 2308 1170 2394 qui

110 2424 269 2512 singulari
286 2423 415 2492 dicendi
431 2424 584 2492 facultate
601 2424 830 2507 excelluerant,
848 2423 993 2511 vestigiis
1019 2423 1170 2492 insistere

109 2540 260 2628 religiose
277 2540 463 2608 studebant.
482 2539 623 2608 Oratoris
652 2539 851 2607 informandi
869 2560 1007 2608 munere
1024 2547 1168 2627 accepte,

109 2654 332 2743 gloriabantur
346 2655 609 2743 quodhominem
620 2663 725 2724 totum
732 2656 985 2724 ratiocinationis
997 2662 1170 2723 consuetu-

109 2769 198 2851 dine,
217 2770 433 2861 cupiditatum
446 2769 628 2861 diseiplina,
646 2792 776 2839 morum
795 2771 1005 2858 castigatione
1020 2770 1170 2837 institue-

107 2884 198 2953 bant.
220 2887 312 2955 Falso
332 2885 480 2975 quidem,
502 2907 577 2955 cum
605 2886 655 2976 (ut
674 2889 792 2976 sepius
812 2886 988 2975 accidebat)
1004 2885 1169 2953 institutio

107 2999 164 3069 illa
181 3002 216 3069 in
235 3001 509 3071 declamationum
526 3003 770 3071 exercitationes
786 3023 884 3071 vanas
900 3009 956 3068 aut
972 3002 1007 3068 in
1026 3019 1093 3067 non
1116 3019 1169 3067 ve·

106 3116 260 3185 risimiles
280 3117 320 3185 de
333 3118 571 3187 fictismateriis
582 3119 743 3199 orationes
761 3116 952 3185 declinaret:
971 3115 1091 3203 quibus
1106 3113 1168 3182 for-

108 3231 200 3313 mati,
222 3233 465 3303 concionatores
476 3233 724 3324 provincialium
744 3252 856 3301 causas
884 3232 924 3299 ad
943 3231 1086 3320 praelecti
1112 3230 1168 3297 tri-

106 3347 208 3416 bunal
235 3348 386 3436 agebant,
415 3349 602 3438 turgidasve
620 3348 804 3417 condebant
828 3347 1031 3438 principibus
1051 3345 1168 3433 gratia-

106 3484 182 3532 rum
195 3465 349 3533 actiones.
358 3465 822 3553 Magnitameneratmomenti
835 3463 1031 3551 eloquentia
1042 3462 1165 3530 cultum

109 3578 296 3662 retinuisse,
314 3580 459 3648 oratoriae
477 3580 607 3649 assidue
624 3601 736 3650 vacare
754 3580 827 3661 arti,
844 3587 941 3667 atque
957 3580 1044 3648 inter
1053 3584 1167 3665 gentes

108 3685 246 3774 origine,
267 3687 426 3767 moribus,
442 3687 587 3757 dialectis
603 3689 759 3772 diversas,
776 3688 925 3776 linguam
940 3686 1076 3755 latinam
1094 3682 1166 3752 red-

108 3800 188 3871 dere
203 3803 430 3893 nativamque
444 3804 733 3894 primoimperium
748 3805 962 3873 constrictum
976 3802 1093 3882 iuerat,
1109 3799 1165 3868 Oo-

143 4087 166 4139 l.
182 4085 251 4141 Vide
264 4088 345 4151 intra,
360 4102 419 4156 cap.
436 4104 473 4142 ιιι.
