2730 4926
672 383 847 448 „15-

304 541 429 609 Propere
445 538 602 594 dummodo
616 539 677 609 jam
696 540 804 608 venias,

302 639 433 693 lustcutis
444 644 570 693 reuocant
585 643 651 706 quia
663 654 711 694 nce
725 639 848 694 solennia
862 639 971 694 Pascite
988 641 1007 693 ¹.

305 815 338 827 ...
352 789 406 843 Nos
419 787 525 843 etenim
539 787 641 860 primis
656 795 778 844 sanctam
789 795 854 860 post
867 789 973 846 Pusulae
989 788 1090 844 diebus

305 889 429 942 Avernus
444 903 545 958 agrum
562 887 649 942 visere
665 892 686 943 2.

350 1040 410 1092 tum
425 1040 507 1108 prata
523 1038 654 1107 virentia,
672 1043 734 1093 turn
749 1055 851 1093 nemus
864 1039 973 1094 umbris

304 1136 463 1205 Mobilibus,
483 1137 648 1208 celebrique
663 1137 799 1208 frequens
815 1139 926 1193 eeclesia
948 1137 1009 1192 vico
1025 1135 1170 1208 (exercent
1186 1136 1261 1209 otia)
1278 1141 1300 1190 ³.

375 1318 410 1328 -
423 1327 441 1343 ..
459 1290 543 1344 Certa
558 1292 601 1343 est
612 1288 718 1344 fiducia
732 1289 824 1357 nobis,

232 1422 240 1440 .
304 1386 333 1442 Si
346 1390 603 1455 perducaturque
616 1390 666 1443 Det
680 1388 728 1459 pia
740 1388 828 1442 verba
842 1387 989 1442 volentum

302 1484 439 1556 Accipiet,
457 1488 555 1540 nostru
571 1484 654 1540 reddi
671 1489 700 1540 te
714 1502 796 1557 posse
812 1489 931 1556 precatu
944 1484 964 1538 ⁸.

276 1695 367 1765 udde
383 1696 471 1786 quud
487 1699 624 1766 Sanctus
641 1699 808 1781 Pauliana,
826 1698 958 1766 Ausonii
977 1697 1171 1787 discipulus,
1207 1719 1298 1782 cum,

233 1812 360 1880 Christo
369 1813 439 1900 jam
459 1811 606 1881 addictus
622 1815 694 1895 suli,
717 1813 757 1881 ad
772 1822 915 1883 veterem
931 1814 1126 1900 magistrum
1142 1814 1298 1903 epistolas

234 1928 347 2010 mittit,
376 1950 443 1997 nou
465 1929 559 1997 illum
586 1930 712 2011 invitat,
741 1939 778 1998 ut
802 1930 920 1997 Christi
941 1928 1041 1997 fidem
1066 1931 1296 2019 amplectatur,

234 2042 291 2110 sed
303 2054 340 2111 ut
358 2045 477 2112 arctius
494 2046 628 2113 excolat.
652 2047 763 2127 Porro,
785 2046 812 2112 si
828 2066 894 2112 non
914 2045 1076 2112 Ausonius
1098 2045 1300 2114 christianus

233 2160 358 2242 fuisset,
381 2162 535 2230 Paulinus
550 2162 684 2250 quidem
701 2183 778 2230 eum
793 2162 834 2229 ad
850 2183 959 2230 veram
973 2161 1166 2249 religionem
1180 2162 1302 2230 luisset

232 2287 366 2346 conatus
391 2278 551 2347 adducere
579 2301 586 2347 :
609 2279 872 2368 quodomnium,
895 2279 984 2346 Juvio
999 2279 1157 2360 scribens
1187 2299 1302 2347 susce-

125 2405 128 2410 ’
232 2394 280 2483 pit
294 2404 316 2460 ⁵.
332 2394 416 2473 Quin
434 2397 545 2478 etiam,
565 2416 603 2464 ex
619 2397 669 2464 his
682 2395 908 2485 potestiingia
925 2396 1059 2463 Paulino
1072 2394 1301 2463 Christianum

233 2509 332 2577 luisse
352 2512 585 2600 compellatum
604 2533 612 2578 :

252 2729 257 2737 '
304 2728 333 2784 Si
349 2729 400 2784 tibi
415 2746 484 2785 cura
501 2730 558 2783 mei
574 2729 694 2794 reditus,
710 2733 789 2785 illum
806 2732 916 2801 adspice
929 2735 955 2784 et
964 2747 1013 2785 cru

305 2826 357 2892 Qui
372 2844 458 2899 super
473 2845 560 2882 enine
576 2829 652 2898 quod
668 2832 721 2896 esi,
737 2829 780 2882 vel
796 2829 825 2883 in
840 2828 937 2882 omnia
953 2831 1029 2882 totus
1047 2825 1152 2899 ubique

304 2926 443 2982 Omnibus
459 2925 569 2980 inlusus
585 2927 672 2982 rebus
686 2928 763 2999 regit
780 2927 879 2984 omnia
892 2927 1018 2983 Christus
1034 2930 1055 2980 6.

277 3132 343 3198 Huc
364 3141 475 3199 autem
504 3133 655 3220 sequitur
676 3133 902 3201 firmissimum
929 3131 1227 3219 gravissimumque
1253 3153 1306 3199 ar-

237 3257 434 3335 gumentum
458 3270 465 3315 :
488 3249 522 3316 in
540 3249 656 3317 eadem
679 3249 826 3339 epistula,
849 3247 1003 3315 Paulinus
1022 3247 1164 3314 Ausonio
1180 3246 1306 3334 gratias

234 3364 302 3450 agit
321 3364 490 3450 magistra,
523 3364 612 3452 quod
631 3386 690 3455 per
710 3372 869 3455 praecepta
888 3363 960 3451 ejus
976 3364 1038 3431 sihi
1050 3364 1112 3431 iter
1131 3362 1171 3430 ad
1191 3364 1307 3432 Chris-

233 3487 305 3546 tum
326 3480 512 3568 aperuerit:

265 3686 287 3733 l.
303 3685 353 3747 Ep.
369 3699 422 3744 ιιιι,
440 3686 479 3733 8.·

266 3765 289 3813 2.
305 3765 355 3827 Ep.
372 3780 397 3823 x,
415 3768 451 3814 ll.

263 3844 285 3891 3.
301 3844 352 3906 Ep.
370 3860 439 3903 xxiii,
455 3847 493 3894 91.

263 3925 286 3974 l.
305 3924 357 3987 Ep.
373 3940 444 3984 xxiii,
461 3926 514 3973 lla.

268 4007 291 4054 5.
307 4005 385 4054 Paul.
400 4005 451 4068 Ep.
468 4019 521 4064 xvi,
539 4007 562 4054 6.

266 4087 288 4133 6.
305 4085 382 4134 Paul.
400 4085 434 4134 ad
449 4086 515 4135 Aus.
532 4085 582 4148 Ep.
600 4100 616 4144 1,
634 4086 723 4136 Germ.
740 4088 792 4135 llo.
