2730 4926
603 407 780 476 ...27-

155 573 296 654 hlothio,
324 572 407 641 Vll.
437 573 472 638 Τ.
503 569 689 660 Delphidio,
734 569 775 638 Vl
805 569 936 639 lllethio¹
957 568 1112 653 Minervoi
1134 570 1223 646 Xtttl

156 693 330 781 rhetorum
345 687 506 770 lllanibus,
529 695 591 755 etc.

204 807 271 874 Hoc
297 812 408 872 autem
433 805 629 893 opusculum
653 802 839 890 gravissimi
854 802 992 870 facimus
1007 803 1116 892 pretii,
1135 802 1222 893 quod

155 941 196 990 aa
214 920 270 989 illo
283 921 388 989 multa
398 918 487 987 haud
503 920 591 1008 parvi
606 919 768 986 momenti
784 918 825 986 de
845 919 970 1006 gallicis
986 918 1092 1007 quarti
1113 917 1223 986 saeculi

153 1037 274 1105 scholis
296 1036 460 1104 audimus.
478 1037 558 1103 Nam
574 1035 825 1123 Burdigalenses
858 1035 1073 1104 Tolosanosve
1097 1036 1221 1126 proles-

153 1171 343 1233 screatum
362 1152 521 1231 rhetores,
558 1158 629 1216 turn
649 1152 892 1238 grammaticos,
918 1152 1101 1234 celebrans,
1119 1155 1222 1221 huso·

153 1268 230 1339 nius
243 1287 294 1335 res
313 1266 572 1355 gymmasiorum
589 1267 681 1353 quasi
698 1266 893 1337 domesticas
909 1288 1107 1355 arcanasque
1122 1269 1157 1336 in
1171 1270 1220 1337 lu-

153 1405 227 1453 cern
251 1383 384 1472 profert.
421 1383 599 1450 Nonnullas
630 1384 732 1470 igitur
763 1383 927 1451 subtiliter
955 1385 1217 1473 perspiciamus:

153 1502 201 1572 sic
210 1499 422 1590 perficientur
440 1520 512 1587 quae
528 1519 633 1588 nuper
653 1499 693 1566 de
713 1498 832 1566 iisdem
849 1521 951 1588 pauca
971 1500 1173 1588 scripsimus.

199 1619 232 1686 Si
260 1616 442 1685 Ausonium
475 1616 592 1698 credis,
621 1617 801 1704 plurimum
830 1619 999 1684 rhetorum
1024 1615 1219 1702 dignitatem

152 1733 241 1801 inter
267 1741 300 1800 et
326 1734 616 1820 grammaticorum
646 1733 813 1798 intererat.
845 1733 1002 1804 llhetoros
1032 1730 1120 1800 enim
1148 1730 1219 1797 loco

151 1850 256 1919 nobili
271 1850 332 1917 orti
352 1857 456 1931 erant,
478 1849 556 1916 Attii
583 1850 703 1916 Paterae
732 1848 847 1930 instar,
882 1849 939 1936 qui
963 1849 1063 1936 stirpe
1081 1846 1220 1914 Druida-

153 1987 229 2035 rum
253 1947 342 2034 satus
376 1969 457 2047 erat,
490 1973 546 2032 aut
586 1964 732 2032 Censorii
768 1965 845 2032 Attii
871 1965 991 2052 Agricii
1027 1963 1090 2053 (IV,
1126 1962 1216 2053 XIV).

153 2081 315 2150 Eximiam
345 2081 467 2148 lamam
494 2081 644 2149 celeriter
669 2081 789 2170 adepti,
825 2080 1155 2169 Constantinopolim,
1183 2088 1219 2147 ut

152 2199 330 2267 Minervius
346 2206 380 2267 et
398 2198 566 2279 trhonus,
598 2205 654 2264 aut
675 2198 831 2279 Athenas,
860 2204 897 2263 ut
919 2197 1068 2283 Agricius
1082 2196 1119 2285 (l,
1137 2195 1217 2278 llll,-

151 2313 246 2404 xvi),
268 2313 408 2382 docendi
434 2333 531 2380 causa
555 2313 814 2381 arcessebantur.
842 2313 958 2400 Magna
977 2320 1133 2400 praeterea
1149 2311 1220 2379 obi-

150 2429 232 2496 bant
245 2449 395 2510 munera,
414 2437 451 2496 ut
465 2429 677 2518 Nepotianus,
700 2429 756 2516 qui
773 2436 1029 2517 praesescreatus
1048 2427 1110 2494 luit
1121 2425 1216 2518 (XV),

149 2543 318 2625 Arborius,
336 2543 393 2630 qui
413 2544 573 2610 Caesarem
588 2542 699 2610 docuit
719 2542 811 2632 (llll),
835 2553 891 2611 aut
905 2543 1097 2631 Exuperius,
1118 2562 1218 2631 aquo

153 2685 171 2720 r
188 2658 460 2745 grandimeroede
478 2684 494 2719 »
512 2659 709 2727 informandi
724 2668 802 2727 sunt
812 2660 852 2727 ad
860 2662 1044 2728 rhetoricen
1055 2660 1216 2729 Dalmatio

150 2773 256 2861 geniti
270 2772 388 2864 (XVII).

196 2890 404 2958 Grammatici
436 2910 511 2959 vero
535 2891 652 2979 saepius
682 2893 801 2960 humili
829 2912 949 2980 genero
972 2892 1041 2959 nati
1071 2894 1124 2978 (X,
1154 2892 1215 2981 ll):

149 3006 433 3093 Sucuroquidam‚
451 3007 684 3094 grammaticus
703 3008 957 3097 burdigalensis,
974 3007 1126 3075 libertina
1145 3029 1219 3097 pro·

150 3121 249 3209 genia
266 3121 318 3209 (x,
335 3124 407 3217 3θ);
444 3123 576 3212 Crispus
593 3131 626 3191 et
643 3124 778 3192 Urbicus
794 3145 811 3191 a
831 3123 976 3212 patribus
993 3123 1129 3212 expositi
1148 3125 1219 3193 fue-

146 3244 224 3303 rant
241 3236 350 3327 (lllll).
373 3239 528 3306 Nonnulli
547 3246 669 3320 tamen,
694 3249 731 3306 ut
760 3259 859 3306 senex
879 3239 1061 3306 Phoebicius
1085 3240 1136 3330 (x)
1164 3242 1219 3330 ju-

148 3353 309 3441 venisque
332 3354 453 3423 hlicius
479 3356 607 3422 Glabrio
634 3356 767 3445 (XXIV),
796 3377 813 3422 a
843 3354 971 3424 Druidis
1003 3357 1053 3424 vel
1069 3356 1217 3444 Trojanis

146 3490 255 3557 genus
271 3469 445 3538 ducebant.
463 3472 501 3537 ht
519 3471 559 3539 de
572 3471 648 3553 illis,
661 3472 799 3540 minime
810 3471 896 3539 lama
910 3472 1094 3555 illustratis,
1106 3475 1217 3542 tenuis

146 3605 257 3653 sermo
274 3593 342 3653 erat
359 3585 451 3675 (Vlll,
468 3590 500 3669 t,
519 3591 558 3669 X,
577 3591 638 3670 t8;
660 3588 741 3671 Xlll,
764 3588 814 3677 3);
832 3609 893 3656 nec
914 3609 965 3656 ars
982 3609 1095 3656 eorum
1112 3610 1217 3676 quaes-

146 3708 254 3767 tuosa.
272 3702 328 3768 llis
345 3700 538 3770 docentibus
556 3730 573 3765 «
590 3703 715 3771 fructus
728 3703 819 3771 exilis
837 3729 853 3764 o
872 3703 963 3787 (Vlll,
982 3705 1031 3794 6);
1054 3724 1215 3794 pauperes

147 3836 248 3904 sape,
266 3825 401 3885 tenuem
414 3819 536 3887 victum
552 3819 769 3906 habitumque
785 3817 935 3886 colebant
955 3817 1005 3907 (ll,
1031 3819 1101 3910 ll).

193 3931 235 3997 ht
253 3933 399 4001 rhetores
420 3932 614 4020 eloquentie
634 3936 775 4002 maxime
790 3935 956 4017 vacabant,
971 3942 1141 4026 totamque
1158 3936 1215 4005 da-

146 4045 230 4112 bant
244 4064 357 4113 curam
370 4054 408 4114 ut
422 4048 456 4114 in
475 4049 719 4140 promptissima
735 4057 768 4118 et
786 4068 903 4117 canora
922 4049 1075 4119 facundia
1089 4051 1212 4119 exerci-
