<?xml version="1.0" encoding="UTF-8"?>
<!DOCTYPE html PUBLIC "-//W3C//DTD XHTML 1.0 Transitional//EN"
    "http://www.w3.org/TR/xhtml1/DTD/xhtml1-transitional.dtd">
<html xmlns="http://www.w3.org/1999/xhtml" xml:lang="en" lang="en">
 <head>
  <title>
</title>
<meta http-equiv="Content-Type" content="text/html;charset=utf-8" />
  <meta name='ocr-system' content='tesseract 3.04.00' />
  <meta name='ocr-capabilities' content='ocr_page ocr_carea ocr_par ocr_line ocrx_word'/>
</head>
<body>
  <div class='ocr_page' id='page_1' title='image "./dedmausoniioper00evergoog_0127.png"; bbox 0 0 2730 4926; ppageno 0'>
   <div class='ocr_carea' id='block_1_1' title="bbox 576 366 783 431">
    <p class='ocr_par' dir='ltr' id='par_1_1' title="bbox 576 366 783 431">
     <span class='ocr_line' id='line_1_1' title="bbox 576 366 783 431; baseline 0.005 -1"><span class='ocrx_word' id='word_1_1' title='bbox 576 400 619 411; x_wconf 96' lang='lat'>-</span> <span class='ocrx_word' id='word_1_2' title='bbox 645 366 707 431; x_wconf 79' lang='lat' dir='ltr'>uo</span> <span class='ocrx_word' id='word_1_3' title='bbox 730 387 783 412; x_wconf 92' lang='lat'>·-·</span> 
     </span>
    </p>
   </div>
   <div class='ocr_carea' id='block_1_2' title="bbox 60 529 1231 3624">
    <p class='ocr_par' dir='ltr' id='par_1_2' title="bbox 60 529 1215 1890">
     <span class='ocr_line' id='line_1_2' title="bbox 146 529 1211 623; baseline -0.001 -22"><span class='ocrx_word' id='word_1_4' title='bbox 146 539 298 623; x_wconf 87' lang='lat' dir='ltr'>putatum</span> <span class='ocrx_word' id='word_1_5' title='bbox 309 530 382 600; x_wconf 82' lang='lat' dir='ltr'>ruit.</span> <span class='ocrx_word' id='word_1_6' title='bbox 393 531 477 597; x_wconf 83' lang='lat' dir='ltr'>Cum</span> <span class='ocrx_word' id='word_1_7' title='bbox 487 537 597 599; x_wconf 90' lang='lat' dir='ltr'>autem</span> <span class='ocrx_word' id='word_1_8' title='bbox 610 552 711 600; x_wconf 91' lang='lat' dir='ltr'>unam</span> <span class='ocrx_word' id='word_1_9' title='bbox 725 552 764 601; x_wconf 81' lang='lat' dir='ltr'>ex</span> <span class='ocrx_word' id='word_1_10' title='bbox 775 531 841 600; x_wconf 92' lang='lat' dir='ltr'>illis</span> <span class='ocrx_word' id='word_1_11' title='bbox 852 551 870 599; x_wconf 88' lang='lat' dir='ltr'>a</span> <span class='ocrx_word' id='word_1_12' title='bbox 881 529 1018 600; x_wconf 72' lang='lat' dir='ltr'>Pamino</span> <span class='ocrx_word' id='word_1_13' title='bbox 1031 539 1211 622; x_wconf 81' lang='lat' dir='ltr'>acceptam,</span> 
     </span>
     <span class='ocr_line' id='line_1_3' title="bbox 146 643 1213 737; baseline 0.001 -21"><span class='ocrx_word' id='word_1_14' title='bbox 146 647 240 717; x_wconf 87' lang='lat' dir='ltr'>nobis</span> <span class='ocrx_word' id='word_1_15' title='bbox 257 666 332 716; x_wconf 83' lang='lat' dir='ltr'>vero</span> <span class='ocrx_word' id='word_1_16' title='bbox 352 666 419 714; x_wconf 90' lang='lat' dir='ltr'>non</span> <span class='ocrx_word' id='word_1_17' title='bbox 436 643 599 728; x_wconf 73' lang='lat' dir='ltr'>traditam,</span> <span class='ocrx_word' id='word_1_18' title='bbox 614 648 765 737; x_wconf 79' lang='lat' dir='ltr'>hancque</span> <span class='ocrx_word' id='word_1_19' title='bbox 780 647 879 716; x_wconf 90' lang='lat' dir='ltr'>simul</span> <span class='ocrx_word' id='word_1_20' title='bbox 899 667 976 716; x_wconf 91' lang='lat' dir='ltr'>cum</span> <span class='ocrx_word' id='word_1_21' title='bbox 996 645 1129 717; x_wconf 89' lang='lat' dir='ltr'>duabus</span> <span class='ocrx_word' id='word_1_22' title='bbox 1146 649 1213 717; x_wconf 89' lang='lat' dir='ltr'>aliis</span> 
     </span>
     <span class='ocr_line' id='line_1_4' title="bbox 145 761 1213 854; baseline 0 -23"><span class='ocrx_word' id='word_1_23' title='bbox 145 764 186 831; x_wconf 93' lang='lat' dir='ltr'>ah</span> <span class='ocrx_word' id='word_1_24' title='bbox 206 783 244 831; x_wconf 90' lang='lat' dir='ltr'>ec</span> <span class='ocrx_word' id='word_1_25' title='bbox 272 772 452 854; x_wconf 83' lang='lat' dir='ltr'>receptam,</span> <span class='ocrx_word' id='word_1_26' title='bbox 488 761 630 850; x_wconf 87' lang='lat' dir='ltr'>denique</span> <span class='ocrx_word' id='word_1_27' title='bbox 647 763 799 845; x_wconf 87' lang='lat' dir='ltr'>alteram,</span> <span class='ocrx_word' id='word_1_28' title='bbox 836 763 929 851; x_wconf 86' lang='lat' dir='ltr'>cujus</span> <span class='ocrx_word' id='word_1_29' title='bbox 949 761 1088 830; x_wconf 88' lang='lat' dir='ltr'>initium</span> <span class='ocrx_word' id='word_1_30' title='bbox 1117 763 1213 833; x_wconf 81' lang='lat' dir='ltr'>verbo</span> 
     </span>
     <span class='ocr_line' id='line_1_5' title="bbox 149 877 1214 969; baseline 0.002 -23"><span class='ocrx_word' id='word_1_31' title='bbox 149 907 161 940; x_wconf 78' lang='grc' dir='ltr'><strong><em>ι</em></strong></span> <span class='ocrx_word' id='word_1_32' title='bbox 180 877 379 947; x_wconf 82' lang='lat' dir='ltr'>lliscutimus</span> <span class='ocrx_word' id='word_1_33' title='bbox 394 905 410 940; x_wconf 91' lang='lat'>»</span> <span class='ocrx_word' id='word_1_34' title='bbox 440 877 644 965; x_wconf 85' lang='lat' dir='ltr'>designatur,</span> <span class='ocrx_word' id='word_1_35' title='bbox 672 877 963 947; x_wconf 88' lang='lat' dir='ltr'>novissimemodc</span> <span class='ocrx_word' id='word_1_36' title='bbox 979 877 1119 946; x_wconf 91' lang='lat' dir='ltr'>adeum</span> <span class='ocrx_word' id='word_1_37' title='bbox 1142 900 1214 969; x_wconf 89' lang='lat' dir='ltr'>per·</span> 
     </span>
     <span class='ocr_line' id='line_1_6' title="bbox 145 993 1213 1082; baseline 0.003 -21"><span class='ocrx_word' id='word_1_38' title='bbox 145 995 274 1062; x_wconf 89' lang='lat' dir='ltr'>venisse</span> <span class='ocrx_word' id='word_1_39' title='bbox 289 994 376 1062; x_wconf 93' lang='lat' dir='ltr'>inter</span> <span class='ocrx_word' id='word_1_40' title='bbox 394 1014 509 1062; x_wconf 91' lang='lat' dir='ltr'>omnes</span> <span class='ocrx_word' id='word_1_41' title='bbox 526 1001 671 1076; x_wconf 82' lang='lat' dir='ltr'>constet,</span> <span class='ocrx_word' id='word_1_42' title='bbox 699 995 727 1063; x_wconf 90' lang='lat' dir='ltr'>is</span> <span class='ocrx_word' id='word_1_43' title='bbox 754 1002 804 1063; x_wconf 88' lang='lat' dir='ltr'>est</span> <span class='ocrx_word' id='word_1_44' title='bbox 828 993 970 1082; x_wconf 81' lang='lat' dir='ltr'>vulgaris</span> <span class='ocrx_word' id='word_1_45' title='bbox 990 993 1090 1078; x_wconf 91' lang='lat' dir='ltr'>ordo,</span> <span class='ocrx_word' id='word_1_46' title='bbox 1118 1004 1156 1064; x_wconf 88' lang='lat' dir='ltr'>ut</span> <span class='ocrx_word' id='word_1_47' title='bbox 1180 995 1213 1064; x_wconf 93' lang='lat' dir='ltr'>in</span> 
     </span>
     <span class='ocr_line' id='line_1_7' title="bbox 143 1107 1213 1199; baseline 0.001 -22"><span class='ocrx_word' id='word_1_48' title='bbox 143 1109 250 1199; x_wconf 89' lang='lat' dir='ltr'>primo</span> <span class='ocrx_word' id='word_1_49' title='bbox 269 1109 340 1176; x_wconf 90' lang='lat' dir='ltr'>loco</span> <span class='ocrx_word' id='word_1_50' title='bbox 359 1129 459 1196; x_wconf 90' lang='lat' dir='ltr'>quam</span> <span class='ocrx_word' id='word_1_51' title='bbox 475 1107 606 1198; x_wconf 78' lang='lat' dir='ltr'>praediri</span> <span class='ocrx_word' id='word_1_52' title='bbox 622 1109 770 1198; x_wconf 89' lang='lat' dir='ltr'>epistola,</span> <span class='ocrx_word' id='word_1_53' title='bbox 789 1117 859 1176; x_wconf 90' lang='lat' dir='ltr'>turn</span> <span class='ocrx_word' id='word_1_54' title='bbox 874 1108 1072 1178; x_wconf 92' lang='lat' dir='ltr'>insecundo</span> <span class='ocrx_word' id='word_1_55' title='bbox 1097 1110 1213 1179; x_wconf 85' lang='lat' dir='ltr'>littera</span> 
     </span>
     <span class='ocr_line' id='line_1_8' title="bbox 145 1223 1212 1313; baseline 0.002 -22"><span class='ocrx_word' id='word_1_56' title='bbox 145 1244 286 1313; x_wconf 91' lang='lat' dir='ltr'>quarum</span> <span class='ocrx_word' id='word_1_57' title='bbox 298 1225 347 1290; x_wconf 86' lang='lat' dir='ltr'>hae</span> <span class='ocrx_word' id='word_1_58' title='bbox 363 1223 475 1312; x_wconf 73' lang='lat' dir='ltr'>primae</span> <span class='ocrx_word' id='word_1_59' title='bbox 491 1244 584 1293; x_wconf 87' lang='lat' dir='ltr'>voces</span> <span class='ocrx_word' id='word_1_60' title='bbox 603 1252 619 1286; x_wconf 88' lang='lat'>«</span> <span class='ocrx_word' id='word_1_61' title='bbox 636 1225 782 1291; x_wconf 79' lang='lat' dir='ltr'>Proxima</span> <span class='ocrx_word' id='word_1_62' title='bbox 798 1244 870 1311; x_wconf 83' lang='lat' dir='ltr'>quae</span> <span class='ocrx_word' id='word_1_63' title='bbox 886 1231 996 1293; x_wconf 88' lang='lat' dir='ltr'>nostra</span> <span class='ocrx_word' id='word_1_64' title='bbox 1011 1223 1088 1306; x_wconf 85' lang='lat' dir='ltr'>tibi,</span> <span class='ocrx_word' id='word_1_65' title='bbox 1109 1253 1121 1287; x_wconf 84' lang='lat'><strong>›</strong></span> <span class='ocrx_word' id='word_1_66' title='bbox 1141 1233 1212 1293; x_wconf 90' lang='lat' dir='ltr'>tum</span> 
     </span>
     <span class='ocr_line' id='line_1_9' title="bbox 144 1337 1215 1426; baseline 0.002 -19"><span class='ocrx_word' id='word_1_67' title='bbox 144 1339 179 1407; x_wconf 92' lang='lat' dir='ltr'>in</span> <span class='ocrx_word' id='word_1_68' title='bbox 195 1339 291 1407; x_wconf 85' lang='lat' dir='ltr'>tertio</span> <span class='ocrx_word' id='word_1_69' title='bbox 310 1337 425 1407; x_wconf 73' lang='lat' dir='ltr'>litterae</span> <span class='ocrx_word' id='word_1_70' title='bbox 441 1358 514 1426; x_wconf 84' lang='lat' dir='ltr'>quae</span> <span class='ocrx_word' id='word_1_71' title='bbox 530 1337 769 1421; x_wconf 80' lang='lat' dir='ltr'>desiderantur,</span> <span class='ocrx_word' id='word_1_72' title='bbox 786 1337 863 1406; x_wconf 92' lang='lat' dir='ltr'>dein</span> <span class='ocrx_word' id='word_1_73' title='bbox 878 1338 913 1405; x_wconf 95' lang='lat' dir='ltr'>in</span> <span class='ocrx_word' id='word_1_74' title='bbox 929 1345 1044 1426; x_wconf 91' lang='lat' dir='ltr'>quarto</span> <span class='ocrx_word' id='word_1_75' title='bbox 1063 1339 1215 1419; x_wconf 82' lang='lat' dir='ltr'>«Quarta</span> 
     </span>
     <span class='ocr_line' id='line_1_10' title="bbox 145 1453 1215 1537; baseline 0.001 -15"><span class='ocrx_word' id='word_1_76' title='bbox 145 1454 205 1522; x_wconf 89' lang='lat' dir='ltr'>tibi</span> <span class='ocrx_word' id='word_1_77' title='bbox 215 1481 246 1537; x_wconf 73' lang='lat' dir='ltr'>a,</span> <span class='ocrx_word' id='word_1_78' title='bbox 261 1454 478 1521; x_wconf 89' lang='lat' dir='ltr'>instruantur.</span> <span class='ocrx_word' id='word_1_79' title='bbox 490 1453 594 1532; x_wconf 83' lang='lat' dir='ltr'>Quem</span> <span class='ocrx_word' id='word_1_80' title='bbox 608 1453 770 1536; x_wconf 91' lang='lat' dir='ltr'>ordinem,</span> <span class='ocrx_word' id='word_1_81' title='bbox 784 1453 870 1523; x_wconf 89' lang='lat' dir='ltr'>inter</span> <span class='ocrx_word' id='word_1_82' title='bbox 880 1454 1015 1537; x_wconf 87' lang='lat' dir='ltr'>multos,</span> <span class='ocrx_word' id='word_1_83' title='bbox 1029 1453 1215 1524; x_wconf 88' lang='lat' dir='ltr'>doctissimi</span> 
     </span>
     <span class='ocr_line' id='line_1_11' title="bbox 60 1558 1214 1659; baseline 0 -21"><span class='ocrx_word' id='word_1_84' title='bbox 60 1558 65 1573; x_wconf 82' lang='lat'>&#39;</span> <span class='ocrx_word' id='word_1_85' title='bbox 145 1569 204 1638; x_wconf 90' lang='lat' dir='ltr'>viri</span> <span class='ocrx_word' id='word_1_86' title='bbox 219 1569 357 1639; x_wconf 85' lang='lat' dir='ltr'>Ebertus</span> <span class='ocrx_word' id='word_1_87' title='bbox 372 1570 380 1609; x_wconf 84' lang='lat'>¹</span> <span class='ocrx_word' id='word_1_88' title='bbox 395 1578 428 1638; x_wconf 91' lang='lat' dir='ltr'>et</span> <span class='ocrx_word' id='word_1_89' title='bbox 441 1569 596 1659; x_wconf 92' lang='lat' dir='ltr'>Peiperus</span> <span class='ocrx_word' id='word_1_90' title='bbox 609 1570 620 1610; x_wconf 77' lang='lat'><strong>²</strong></span> <span class='ocrx_word' id='word_1_91' title='bbox 635 1567 845 1652; x_wconf 88' lang='lat' dir='ltr'>servandum,</span> <span class='ocrx_word' id='word_1_92' title='bbox 863 1569 1006 1639; x_wconf 87' lang='lat' dir='ltr'>Schenkl</span> <span class='ocrx_word' id='word_1_93' title='bbox 1031 1589 1111 1640; x_wconf 87' lang='lat' dir='ltr'>vero</span> <span class='ocrx_word' id='word_1_94' title='bbox 1125 1572 1136 1612; x_wconf 82' lang='lat'>³</span> <span class='ocrx_word' id='word_1_95' title='bbox 1149 1592 1214 1639; x_wconf 89' lang='lat' dir='ltr'>non</span> 
     </span>
     <span class='ocr_line' id='line_1_12' title="bbox 145 1683 1212 1774; baseline 0.003 -22"><span class='ocrx_word' id='word_1_96' title='bbox 145 1684 327 1753; x_wconf 91' lang='lat' dir='ltr'>tenendum</span> <span class='ocrx_word' id='word_1_97' title='bbox 343 1683 556 1767; x_wconf 82' lang='lat' dir='ltr'>existimavit;</span> <span class='ocrx_word' id='word_1_98' title='bbox 578 1705 642 1774; x_wconf 89' lang='lat' dir='ltr'>qua</span> <span class='ocrx_word' id='word_1_99' title='bbox 657 1693 768 1754; x_wconf 89' lang='lat' dir='ltr'>autem</span> <span class='ocrx_word' id='word_1_100' title='bbox 784 1683 825 1753; x_wconf 92' lang='lat' dir='ltr'>de</span> <span class='ocrx_word' id='word_1_101' title='bbox 840 1705 875 1754; x_wconf 90' lang='lat' dir='ltr'>re</span> <span class='ocrx_word' id='word_1_102' title='bbox 890 1685 931 1753; x_wconf 88' lang='lat' dir='ltr'>ab</span> <span class='ocrx_word' id='word_1_103' title='bbox 946 1705 984 1754; x_wconf 90' lang='lat' dir='ltr'>eo</span> <span class='ocrx_word' id='word_1_104' title='bbox 1000 1684 1212 1770; x_wconf 87' lang='lat' dir='ltr'>dissentiam,</span> 
     </span>
     <span class='ocr_line' id='line_1_13' title="bbox 145 1798 866 1890; baseline 0 -22"><span class='ocrx_word' id='word_1_105' title='bbox 145 1808 182 1868; x_wconf 90' lang='lat' dir='ltr'>ut</span> <span class='ocrx_word' id='word_1_106' title='bbox 193 1820 266 1867; x_wconf 91' lang='lat' dir='ltr'>eam</span> <span class='ocrx_word' id='word_1_107' title='bbox 285 1799 320 1866; x_wconf 94' lang='lat' dir='ltr'>in</span> <span class='ocrx_word' id='word_1_108' title='bbox 339 1798 449 1867; x_wconf 85' lang='lat' dir='ltr'>llberti</span> <span class='ocrx_word' id='word_1_109' title='bbox 469 1807 503 1868; x_wconf 92' lang='lat' dir='ltr'>et</span> <span class='ocrx_word' id='word_1_110' title='bbox 521 1799 647 1890; x_wconf 92' lang='lat' dir='ltr'>Peiperi</span> <span class='ocrx_word' id='word_1_111' title='bbox 666 1801 866 1888; x_wconf 84' lang='lat' dir='ltr'>opinionem.</span> 
     </span>
    </p>

    <p class='ocr_par' dir='ltr' id='par_1_3' title="bbox 145 1913 1231 3624">
     <span class='ocr_line' id='line_1_14' title="bbox 190 1913 1216 2005; baseline 0.003 -23"><span class='ocrx_word' id='word_1_112' title='bbox 190 1914 333 1983; x_wconf 87' lang='lat' dir='ltr'>Schenkl</span> <span class='ocrx_word' id='word_1_113' title='bbox 357 1913 465 1997; x_wconf 89' lang='lat' dir='ltr'>enim,</span> <span class='ocrx_word' id='word_1_114' title='bbox 495 1935 571 1983; x_wconf 90' lang='lat' dir='ltr'>cum</span> <span class='ocrx_word' id='word_1_115' title='bbox 601 1915 785 2005; x_wconf 85' lang='lat' dir='ltr'>suspicetur</span> <span class='ocrx_word' id='word_1_116' title='bbox 804 1943 815 1976; x_wconf 87' lang='lat'><strong>‹</strong></span> <span class='ocrx_word' id='word_1_117' title='bbox 833 1936 872 1984; x_wconf 82' lang='lat' dir='ltr'>er</span> <span class='ocrx_word' id='word_1_118' title='bbox 900 1914 1045 2005; x_wconf 92' lang='lat' dir='ltr'>epistolis</span> <span class='ocrx_word' id='word_1_119' title='bbox 1075 1918 1216 1987; x_wconf 81' lang='lat' dir='ltr'>Ausonii</span> 
     </span>
     <span class='ocr_line' id='line_1_15' title="bbox 145 2029 1215 2120; baseline 0.001 -21"><span class='ocrx_word' id='word_1_120' title='bbox 145 2053 246 2100; x_wconf 89' lang='lat' dir='ltr'>unam</span> <span class='ocrx_word' id='word_1_121' title='bbox 261 2051 328 2098; x_wconf 92' lang='lat' dir='ltr'>non</span> <span class='ocrx_word' id='word_1_122' title='bbox 347 2030 381 2097; x_wconf 93' lang='lat' dir='ltr'>in</span> <span class='ocrx_word' id='word_1_123' title='bbox 398 2029 524 2098; x_wconf 89' lang='lat' dir='ltr'>Paulini</span> <span class='ocrx_word' id='word_1_124' title='bbox 540 2031 669 2100; x_wconf 85' lang='lat' dir='ltr'>venisse</span> <span class='ocrx_word' id='word_1_125' title='bbox 695 2050 830 2113; x_wconf 88' lang='lat' dir='ltr'>manus,</span> <span class='ocrx_word' id='word_1_126' title='bbox 854 2030 1008 2115; x_wconf 85' lang='lat' dir='ltr'>alteram,</span> <span class='ocrx_word' id='word_1_127' title='bbox 1035 2051 1142 2120; x_wconf 91' lang='lat' dir='ltr'>quarn</span> <span class='ocrx_word' id='word_1_128' title='bbox 1161 2033 1215 2102; x_wconf 93' lang='lat' dir='ltr'>ille</span> 
     </span>
     <span class='ocr_line' id='line_1_16' title="bbox 146 2146 1216 2238; baseline 0.001 -22"><span class='ocrx_word' id='word_1_129' title='bbox 146 2156 333 2238; x_wconf 89' lang='lat' dir='ltr'>acceperat,</span> <span class='ocrx_word' id='word_1_130' title='bbox 361 2154 546 2236; x_wconf 89' lang='lat' dir='ltr'>temporum</span> <span class='ocrx_word' id='word_1_131' title='bbox 576 2146 696 2236; x_wconf 89' lang='lat' dir='ltr'>injuria</span> <span class='ocrx_word' id='word_1_132' title='bbox 721 2146 816 2214; x_wconf 89' lang='lat' dir='ltr'>nobis</span> <span class='ocrx_word' id='word_1_133' title='bbox 844 2155 988 2235; x_wconf 89' lang='lat' dir='ltr'>ereptam</span> <span class='ocrx_word' id='word_1_134' title='bbox 1017 2165 1092 2216; x_wconf 88' lang='lat' dir='ltr'>esse</span> <span class='ocrx_word' id='word_1_135' title='bbox 1112 2177 1142 2231; x_wconf 78' lang='grc' dir='ltr'>ι,</span> <span class='ocrx_word' id='word_1_136' title='bbox 1169 2149 1216 2217; x_wconf 87' lang='lat' dir='ltr'>sic</span> 
     </span>
     <span class='ocr_line' id='line_1_17' title="bbox 145 2259 1231 2351; baseline -0.004 -21"><span class='ocrx_word' id='word_1_137' title='bbox 145 2263 269 2330; x_wconf 86' lang='lat' dir='ltr'>litteras</span> <span class='ocrx_word' id='word_1_138' title='bbox 286 2260 441 2351; x_wconf 87' lang='lat' dir='ltr'>disponit,</span> <span class='ocrx_word' id='word_1_139' title='bbox 459 2268 496 2329; x_wconf 89' lang='lat' dir='ltr'>ut</span> <span class='ocrx_word' id='word_1_140' title='bbox 511 2262 656 2351; x_wconf 92' lang='lat' dir='ltr'>primum</span> <span class='ocrx_word' id='word_1_141' title='bbox 672 2262 730 2329; x_wconf 88' lang='lat' dir='ltr'>has</span> <span class='ocrx_word' id='word_1_142' title='bbox 750 2259 830 2328; x_wconf 93' lang='lat' dir='ltr'>duas</span> <span class='ocrx_word' id='word_1_143' title='bbox 846 2261 1010 2350; x_wconf 68' lang='lat' dir='ltr'>epistolas</span> <span class='ocrx_word' id='word_1_144' title='bbox 1023 2283 1099 2351; x_wconf 85' lang='lat' dir='ltr'>quae</span> <span class='ocrx_word' id='word_1_145' title='bbox 1116 2261 1231 2330; x_wconf 76' lang='lat' dir='ltr'>hodie,</span> 
     </span>
     <span class='ocr_line' id='line_1_18' title="bbox 146 2376 1216 2461; baseline 0 -15"><span class='ocrx_word' id='word_1_146' title='bbox 146 2377 311 2461; x_wconf 85' lang='lat' dir='ltr'>deessent,</span> <span class='ocrx_word' id='word_1_147' title='bbox 322 2387 394 2445; x_wconf 89' lang='lat' dir='ltr'>tum</span> <span class='ocrx_word' id='word_1_148' title='bbox 412 2406 428 2440; x_wconf 90' lang='lat'>«</span> <span class='ocrx_word' id='word_1_149' title='bbox 441 2377 590 2446; x_wconf 76' lang='lat' dir='ltr'>Proxima</span> <span class='ocrx_word' id='word_1_150' title='bbox 604 2404 635 2460; x_wconf 80' lang='lat' dir='ltr'>a,</span> <span class='ocrx_word' id='word_1_151' title='bbox 648 2376 725 2445; x_wconf 91' lang='lat' dir='ltr'>dein</span> <span class='ocrx_word' id='word_1_152' title='bbox 743 2377 920 2456; x_wconf 80' lang='lat' dir='ltr'>«Quarta»</span> <span class='ocrx_word' id='word_1_153' title='bbox 938 2376 1094 2460; x_wconf 89' lang='lat' dir='ltr'>collocet;</span> <span class='ocrx_word' id='word_1_154' title='bbox 1114 2379 1216 2446; x_wconf 87' lang='lat' dir='ltr'>altera</span> 
     </span>
     <span class='ocr_line' id='line_1_19' title="bbox 146 2490 1215 2574; baseline -0.001 -12"><span class='ocrx_word' id='word_1_155' title='bbox 146 2513 221 2562; x_wconf 89' lang='lat' dir='ltr'>vero</span> <span class='ocrx_word' id='word_1_156' title='bbox 239 2521 255 2556; x_wconf 88' lang='lat'><strong><em>«</em></strong></span> <span class='ocrx_word' id='word_1_157' title='bbox 270 2492 469 2561; x_wconf 85' lang='lat' dir='ltr'>Discutimus</span> <span class='ocrx_word' id='word_1_158' title='bbox 485 2519 501 2554; x_wconf 89' lang='lat'>»</span> <span class='ocrx_word' id='word_1_159' title='bbox 520 2492 560 2561; x_wconf 91' lang='lat' dir='ltr'>ab</span> <span class='ocrx_word' id='word_1_160' title='bbox 575 2493 718 2560; x_wconf 82' lang='lat' dir='ltr'>Ausonio</span> <span class='ocrx_word' id='word_1_161' title='bbox 734 2500 863 2560; x_wconf 87' lang='lat' dir='ltr'>tanturn</span> <span class='ocrx_word' id='word_1_162' title='bbox 878 2490 965 2560; x_wconf 87' lang='lat' dir='ltr'>edita</span> <span class='ocrx_word' id='word_1_163' title='bbox 982 2491 1117 2574; x_wconf 87' lang='lat' dir='ltr'>luisset,</span> <span class='ocrx_word' id='word_1_164' title='bbox 1139 2515 1215 2562; x_wconf 93' lang='lat' dir='ltr'>cum</span> 
     </span>
     <span class='ocr_line' id='line_1_20' title="bbox 146 2606 1215 2697; baseline 0.002 -22"><span class='ocrx_word' id='word_1_165' title='bbox 146 2607 172 2675; x_wconf 91' lang='lat' dir='ltr'>is</span> <span class='ocrx_word' id='word_1_166' title='bbox 192 2629 209 2675; x_wconf 88' lang='lat' dir='ltr'>a</span> <span class='ocrx_word' id='word_1_167' title='bbox 230 2607 364 2675; x_wconf 90' lang='lat' dir='ltr'>Paulino</span> <span class='ocrx_word' id='word_1_168' title='bbox 383 2627 580 2696; x_wconf 89' lang='lat' dir='ltr'>responsum</span> <span class='ocrx_word' id='word_1_169' title='bbox 605 2607 783 2697; x_wconf 85' lang='lat' dir='ltr'>accepisset</span> <span class='ocrx_word' id='word_1_170' title='bbox 802 2627 950 2691; x_wconf 90' lang='lat' dir='ltr'>carmen,</span> <span class='ocrx_word' id='word_1_171' title='bbox 978 2606 1067 2694; x_wconf 86' lang='lat' dir='ltr'>quod</span> <span class='ocrx_word' id='word_1_172' title='bbox 1096 2608 1139 2677; x_wconf 92' lang='lat' dir='ltr'>ah</span> <span class='ocrx_word' id='word_1_173' title='bbox 1163 2609 1215 2678; x_wconf 92' lang='lat' dir='ltr'>his</span> 
     </span>
     <span class='ocr_line' id='line_1_21' title="bbox 146 2722 1214 2812; baseline 0.001 -21"><span class='ocrx_word' id='word_1_174' title='bbox 146 2722 253 2793; x_wconf 84' lang='lat' dir='ltr'>verbis</span> <span class='ocrx_word' id='word_1_175' title='bbox 281 2723 396 2811; x_wconf 91' lang='lat' dir='ltr'>incipit</span> <span class='ocrx_word' id='word_1_176' title='bbox 422 2723 574 2802; x_wconf 84' lang='lat' dir='ltr'>«Quarta</span> <span class='ocrx_word' id='word_1_177' title='bbox 601 2722 686 2791; x_wconf 87' lang='lat' dir='ltr'>redit</span> <span class='ocrx_word' id='word_1_178' title='bbox 707 2722 798 2791; x_wconf 86' lang='lat' dir='ltr'>duris</span> <span class='ocrx_word' id='word_1_179' title='bbox 819 2750 851 2806; x_wconf 90' lang='lat'>»,</span> <span class='ocrx_word' id='word_1_180' title='bbox 878 2731 915 2791; x_wconf 89' lang='lat' dir='ltr'>ut</span> <span class='ocrx_word' id='word_1_181' title='bbox 940 2723 1064 2812; x_wconf 91' lang='lat' dir='ltr'>quintis</span> <span class='ocrx_word' id='word_1_182' title='bbox 1092 2725 1214 2794; x_wconf 87' lang='lat' dir='ltr'>litteris</span> 
     </span>
     <span class='ocr_line' id='line_1_22' title="bbox 148 2837 1214 2910; baseline 0.003 -3"><span class='ocrx_word' id='word_1_183' title='bbox 148 2839 291 2908; x_wconf 91' lang='lat' dir='ltr'>amicum</span> <span class='ocrx_word' id='word_1_184' title='bbox 307 2861 326 2907; x_wconf 89' lang='lat' dir='ltr'>a</span> <span class='ocrx_word' id='word_1_185' title='bbox 345 2838 480 2909; x_wconf 89' lang='lat' dir='ltr'>consilio</span> <span class='ocrx_word' id='word_1_186' title='bbox 502 2837 675 2908; x_wconf 89' lang='lat' dir='ltr'>deturbare</span> <span class='ocrx_word' id='word_1_187' title='bbox 701 2840 822 2908; x_wconf 85' lang='lat' dir='ltr'>iterum</span> <span class='ocrx_word' id='word_1_188' title='bbox 845 2846 1029 2907; x_wconf 85' lang='lat' dir='ltr'>conaretur.</span> <span class='ocrx_word' id='word_1_189' title='bbox 1046 2840 1214 2910; x_wconf 79' lang='lat' dir='ltr'>Ausonius</span> 
     </span>
     <span class='ocr_line' id='line_1_23' title="bbox 145 2954 1211 3044; baseline 0.001 -20"><span class='ocrx_word' id='word_1_190' title='bbox 145 2954 247 3038; x_wconf 91' lang='lat' dir='ltr'>enim,</span> <span class='ocrx_word' id='word_1_191' title='bbox 269 2962 307 3023; x_wconf 90' lang='lat' dir='ltr'>ut</span> <span class='ocrx_word' id='word_1_192' title='bbox 322 2954 487 3024; x_wconf 88' lang='lat' dir='ltr'>concludit</span> <span class='ocrx_word' id='word_1_193' title='bbox 507 2955 663 3036; x_wconf 82' lang='lat' dir='ltr'>Schenkl,</span> <span class='ocrx_word' id='word_1_194' title='bbox 685 2955 712 3023; x_wconf 92' lang='lat' dir='ltr'>si</span> <span class='ocrx_word' id='word_1_195' title='bbox 729 2955 908 3044; x_wconf 89' lang='lat' dir='ltr'>epistolam</span> <span class='ocrx_word' id='word_1_196' title='bbox 926 2982 942 3018; x_wconf 92' lang='lat'>«</span> <span class='ocrx_word' id='word_1_197' title='bbox 963 2954 1169 3025; x_wconf 85' lang='lat' dir='ltr'>Discutimus</span> <span class='ocrx_word' id='word_1_198' title='bbox 1195 2983 1211 3017; x_wconf 91' lang='lat'>»</span> 
     </span>
     <span class='ocr_line' id='line_1_24' title="bbox 145 3070 1215 3160; baseline 0.003 -23"><span class='ocrx_word' id='word_1_199' title='bbox 145 3070 289 3160; x_wconf 92' lang='lat' dir='ltr'>primum</span> <span class='ocrx_word' id='word_1_200' title='bbox 317 3071 513 3160; x_wconf 90' lang='lat' dir='ltr'>scripsisset,</span> <span class='ocrx_word' id='word_1_201' title='bbox 543 3099 559 3133; x_wconf 69' lang='grc' dir='ltr'>ι(</span> <span class='ocrx_word' id='word_1_202' title='bbox 583 3071 693 3139; x_wconf 90' lang='lat' dir='ltr'>statim</span> <span class='ocrx_word' id='word_1_203' title='bbox 713 3070 747 3137; x_wconf 96' lang='lat' dir='ltr'>in</span> <span class='ocrx_word' id='word_1_204' title='bbox 770 3071 914 3138; x_wconf 90' lang='lat' dir='ltr'>amicum</span> <span class='ocrx_word' id='word_1_205' title='bbox 939 3077 1128 3138; x_wconf 86' lang='lat' dir='ltr'>cessantem</span> <span class='ocrx_word' id='word_1_206' title='bbox 1147 3079 1215 3140; x_wconf 90' lang='lat' dir='ltr'>tam</span> 
     </span>
     <span class='ocr_line' id='line_1_25' title="bbox 145 3185 1214 3273; baseline -0.001 -19"><span class='ocrx_word' id='word_1_207' title='bbox 145 3185 270 3255; x_wconf 92' lang='lat' dir='ltr'>acerbis</span> <span class='ocrx_word' id='word_1_208' title='bbox 290 3185 385 3254; x_wconf 92' lang='lat' dir='ltr'>dictis</span> <span class='ocrx_word' id='word_1_209' title='bbox 399 3213 415 3246; x_wconf 91' lang='lat'>»</span> <span class='ocrx_word' id='word_1_210' title='bbox 438 3207 505 3253; x_wconf 91' lang='lat' dir='ltr'>non</span> <span class='ocrx_word' id='word_1_211' title='bbox 533 3185 682 3255; x_wconf 85' lang='lat' dir='ltr'>invectus</span> <span class='ocrx_word' id='word_1_212' title='bbox 701 3185 819 3254; x_wconf 87' lang='lat' dir='ltr'>suisset</span> <span class='ocrx_word' id='word_1_213' title='bbox 837 3213 852 3248; x_wconf 76' lang='grc' dir='ltr'>α</span> <span class='ocrx_word' id='word_1_214' title='bbox 874 3206 1016 3273; x_wconf 90' lang='lat' dir='ltr'>quorum</span> <span class='ocrx_word' id='word_1_215' title='bbox 1032 3185 1214 3255; x_wconf 87' lang='lat' dir='ltr'>duritatem</span> 
     </span>
     <span class='ocr_line' id='line_1_26' title="bbox 145 3299 1213 3391; baseline 0.004 -24"><span class='ocrx_word' id='word_1_216' title='bbox 145 3301 313 3384; x_wconf 88' lang='lat' dir='ltr'>Paulinus,</span> <span class='ocrx_word' id='word_1_217' title='bbox 327 3299 407 3368; x_wconf 94' lang='lat' dir='ltr'>dum</span> <span class='ocrx_word' id='word_1_218' title='bbox 418 3302 523 3369; x_wconf 88' lang='lat' dir='ltr'>amico</span> <span class='ocrx_word' id='word_1_219' title='bbox 533 3301 721 3391; x_wconf 87' lang='lat' dir='ltr'>respondet,</span> <span class='ocrx_word' id='word_1_220' title='bbox 734 3308 801 3368; x_wconf 85' lang='lat' dir='ltr'>tam</span> <span class='ocrx_word' id='word_1_221' title='bbox 810 3301 1213 3389; x_wconf 84' lang='lat' dir='ltr'>graviterconqueritur»,</span> 
     </span>
     <span class='ocr_line' id='line_1_27' title="bbox 146 3415 1218 3505; baseline 0.002 -21"><span class='ocrx_word' id='word_1_222' title='bbox 146 3437 255 3505; x_wconf 89' lang='lat' dir='ltr'>neque</span> <span class='ocrx_word' id='word_1_223' title='bbox 286 3444 302 3480; x_wconf 74' lang='grc' dir='ltr'>α</span> <span class='ocrx_word' id='word_1_224' title='bbox 334 3415 562 3484; x_wconf 88' lang='lat' dir='ltr'>intermissum</span> <span class='ocrx_word' id='word_1_225' title='bbox 591 3437 663 3500; x_wconf 90' lang='lat' dir='ltr'>esse</span> <span class='ocrx_word' id='word_1_226' title='bbox 700 3415 740 3484; x_wconf 87' lang='lat' dir='ltr'>ab</span> <span class='ocrx_word' id='word_1_227' title='bbox 775 3416 879 3485; x_wconf 90' lang='lat' dir='ltr'>amico</span> <span class='ocrx_word' id='word_1_228' title='bbox 909 3416 1093 3485; x_wconf 89' lang='lat' dir='ltr'>litterarum</span> <span class='ocrx_word' id='word_1_229' title='bbox 1127 3438 1218 3486; x_wconf 91' lang='lat' dir='ltr'>com·</span> 
     </span>
     <span class='ocr_line' id='line_1_28' title="bbox 145 3530 1217 3624; baseline 0.003 -24"><span class='ocrx_word' id='word_1_230' title='bbox 145 3532 306 3624; x_wconf 85' lang='lat' dir='ltr'>mercium</span> <span class='ocrx_word' id='word_1_231' title='bbox 334 3558 350 3592; x_wconf 75' lang='lat' dir='ltr'>a</span> <span class='ocrx_word' id='word_1_232' title='bbox 371 3530 532 3620; x_wconf 88' lang='lat' dir='ltr'>potuisset</span> <span class='ocrx_word' id='word_1_233' title='bbox 552 3550 709 3613; x_wconf 90' lang='lat' dir='ltr'>asserere,</span> <span class='ocrx_word' id='word_1_234' title='bbox 737 3531 845 3620; x_wconf 89' lang='lat' dir='ltr'>potius</span> <span class='ocrx_word' id='word_1_235' title='bbox 874 3551 949 3600; x_wconf 86' lang='lat' dir='ltr'>vero</span> <span class='ocrx_word' id='word_1_236' title='bbox 979 3540 1114 3622; x_wconf 90' lang='lat' dir='ltr'>accepto</span> <span class='ocrx_word' id='word_1_237' title='bbox 1146 3541 1217 3603; x_wconf 92' lang='lat' dir='ltr'>tan-</span> 
     </span>
    </p>
   </div>
   <div class='ocr_carea' id='block_1_3' title="bbox 144 3769 1219 4103">
    <p class='ocr_par' dir='ltr' id='par_1_4' title="bbox 144 3769 1219 3924">
     <span class='ocr_line' id='line_1_29' title="bbox 178 3769 1219 3834; baseline 0.005 -15"><span class='ocrx_word' id='word_1_238' title='bbox 178 3772 199 3820; x_wconf 87' lang='lat' dir='ltr'>t.</span> <span class='ocrx_word' id='word_1_239' title='bbox 216 3770 397 3834; x_wconf 79' lang='lat' dir='ltr'>Allegcmeine</span> <span class='ocrx_word' id='word_1_240' title='bbox 411 3769 572 3822; x_wconf 86' lang='lat' dir='ltr'>Geschichte</span> <span class='ocrx_word' id='word_1_241' title='bbox 586 3769 634 3823; x_wconf 91' lang='lat' dir='ltr'>der</span> <span class='ocrx_word' id='word_1_242' title='bbox 646 3769 795 3822; x_wconf 87' lang='lat' dir='ltr'>Litteratur</span> <span class='ocrx_word' id='word_1_243' title='bbox 809 3769 857 3822; x_wconf 81' lang='lat' dir='ltr'>dea</span> <span class='ocrx_word' id='word_1_244' title='bbox 873 3769 1045 3822; x_wconf 84' lang='lat' dir='ltr'>Mittelalters</span> <span class='ocrx_word' id='word_1_245' title='bbox 1060 3769 1091 3822; x_wconf 88' lang='lat' dir='ltr'>in</span> <span class='ocrx_word' id='word_1_246' title='bbox 1104 3769 1219 3824; x_wconf 78' lang='lat' dir='ltr'>Abend·</span> 
     </span>
     <span class='ocr_line' id='line_1_30' title="bbox 144 3858 403 3924; baseline 0.004 -15"><span class='ocrx_word' id='word_1_247' title='bbox 144 3858 234 3921; x_wconf 86' lang='lat' dir='ltr'>lande,</span> <span class='ocrx_word' id='word_1_248' title='bbox 246 3858 269 3919; x_wconf 90' lang='lat'>1,</span> <span class='ocrx_word' id='word_1_249' title='bbox 284 3860 330 3909; x_wconf 76' lang='lat'>284</span> <span class='ocrx_word' id='word_1_250' title='bbox 343 3872 403 3924; x_wconf 85' lang='lat' dir='ltr'>sqq.</span> 
     </span>
    </p>

    <p class='ocr_par' dir='ltr' id='par_1_5' title="bbox 156 3948 453 4103">
     <span class='ocr_line' id='line_1_31' title="bbox 176 3948 386 4019; baseline 0 -21"><span class='ocrx_word' id='word_1_251' title='bbox 176 3950 199 4019; x_wconf 82' lang='grc'>2.</span> <span class='ocrx_word' id='word_1_252' title='bbox 213 3963 254 4013; x_wconf 88' lang='lat' dir='ltr'>cp.</span> <span class='ocrx_word' id='word_1_253' title='bbox 265 3948 318 4008; x_wconf 78' lang='lat' dir='ltr'>cit,</span> <span class='ocrx_word' id='word_1_254' title='bbox 332 3949 386 4000; x_wconf 81' lang='lat'><strong>327.</strong></span> 
     </span>
     <span class='ocr_line' id='line_1_32' title="bbox 156 4027 453 4103; baseline 0.007 -17"><span class='ocrx_word' id='word_1_255' title='bbox 156 4027 161 4035; x_wconf 85' lang='lat'>&#39;</span> <span class='ocrx_word' id='word_1_256' title='bbox 176 4037 201 4089; x_wconf 84' lang='grc'>3.</span> <span class='ocrx_word' id='word_1_257' title='bbox 214 4051 256 4102; x_wconf 86' lang='lat' dir='ltr'>op.</span> <span class='ocrx_word' id='word_1_258' title='bbox 271 4037 325 4099; x_wconf 78' lang='lat' dir='ltr'>cit..</span> <span class='ocrx_word' id='word_1_259' title='bbox 341 4037 381 4089; x_wconf 84' lang='lat' dir='ltr'>XI</span> <span class='ocrx_word' id='word_1_260' title='bbox 392 4051 453 4103; x_wconf 83' lang='lat' dir='ltr'>sqq.</span> 
     </span>
    </p>
   </div>
   <div class='ocr_carea' id='block_1_4' title="bbox 0 0 1371 4926">
    <p class='ocr_par' dir='ltr' id='par_1_6' title="bbox 0 0 1371 4926">
     <span class='ocr_line' id='line_1_33' title="bbox 0 0 1371 4926; baseline 0 0"><span class='ocrx_word' id='word_1_261' title='bbox 0 0 1371 4926; x_wconf 95' lang='lat' dir='ltr'> </span> 
     </span>
    </p>
   </div>
  </div>
 </body>
</html>
