2730 4926
593 363 768 427 ..52-

152 530 284 612 dabant,
305 531 445 618 vinaque
464 528 620 619 potabant
638 528 738 610 lanta,
767 547 839 615 qua
867 525 1031 595 Ausonius
1064 554 1081 591 «
1102 527 1219 596 Santo-

150 667 210 716 nos
225 644 374 716 vehenda
392 644 507 734 bijugo
526 644 704 733 plaustro»
731 643 876 725 curabat,
905 651 942 711 ut
957 663 1073 712 omnes
1097 643 1218 714 axillis

152 790 169 828 n
189 761 302 832 solatia
318 759 469 830 blanda»
486 760 702 848 requirerent.

195 880 346 946 Extrema
361 876 495 946 decimae
512 885 634 963 quarta
654 874 798 965 epistolae
814 875 920 958 verba,
936 895 1041 968 graeoe
1056 874 1160 959 diota,
1173 884 1219 944 at-

151 994 233 1064 tenti
248 995 404 1082 legimus,
422 991 543 1081 quibus
566 994 681 1061 Noster
695 1013 767 1080 qum
788 998 876 1061 esset
902 991 1006 1081 ipsius
1024 993 1218 1062 rusticantis

149 1110 348 1181 bibliotheca
368 1129 428 1178 nos
444 1109 550 1179 dooet.
578 1109 690 1192 Paulo,
709 1129 774 1197 quo
789 1107 885 1177 eitius
912 1108 1022 1178 veniat
1041 1109 1218 1201 leviusque

151 1231 298 1311 vehatur,
321 1227 437 1297 suadet
456 1249 497 1296 ne
514 1249 627 1297 seeum
647 1228 830 1311 historiam,
854 1228 985 1310 mimos,
1002 1229 1218 1319 carminaque

151 1345 274 1429 afferat,
303 1344 389 1434 apud
409 1346 552 1414 amioum
581 1346 667 1414 inter
689 1344 852 1434 permulta
874 1344 1067 1414 inventurus
1097 1375 1114 1410 «
1131 1348 1218 1416 varia

150 1461 299 1530 omnium
312 1470 492 1529 metrorum
504 1479 637 1549 genera,
646 1459 934 1548 grammaticorum
948 1461 1136 1550 prestigias,
1145 1471 1217 1532 noto

150 1576 565 1666 Thucydidis,novemque
581 1575 735 1644 Herodoti
750 1575 1110 1664 libros,rhetorumque
1123 1578 1214 1647 illus-

149 1702 215 1763 tres
231 1694 416 1776 conciones,
434 1714 471 1762 ao
493 1693 729 1783 disputationes
749 1693 1019 1784 philosophorum
1038 1716 1045 1776 ;
1077 1720 1094 1755 n
1127 1696 1216 1783 quod

151 1810 246 1879 nobis
259 1817 329 1878 erat
345 1808 522 1898 diligenter
532 1808 727 1877 notandum.

195 1928 291 1996 Utin
311 1926 438 2016 seriptis
464 1924 505 1993 ad
528 1927 695 1994 Thoonem
722 1927 880 2016 epistolis,
902 1926 947 1995 sio
976 1927 1011 1995 in
1038 1927 1152 1997 missis
1177 1929 1217 1997 ad

152 2047 301 2129 Paulum,
319 2044 481 2113 Ausonius
495 2043 597 2114 varias
608 2043 784 2112 aooedendi
804 2044 845 2112 ad
863 2044 955 2114 villas
976 2064 1051 2113 suas
1071 2047 1217 2114 rationes

149 2161 283 2245 indioat,
306 2181 426 2251 nempe
447 2181 505 2251 per
530 2160 649 2243 mulas,
671 2161 810 2249 petorita
834 2160 1010 2250 rapientes,
1027 2161 1076 2231 vel
1095 2184 1158 2252 per
1174 2164 1218 2230 oi-

149 2280 237 2347 sium
261 2277 420 2367 trijugum
442 2278 490 2346 vel
515 2277 655 2346 celerem
683 2299 855 2361 mannum,
881 2277 931 2346 vel
957 2285 1097 2368 ruptum
1125 2289 1218 2369 terga

150 2395 328 2466 veredum:
344 2395 440 2464 amini
454 2415 529 2463 vero
545 2394 664 2463 cisium
678 2403 735 2463 aut
745 2395 878 2486 pigrum
890 2393 1062 2478 veredum,
1075 2399 1218 2488 petorito

149 2511 274 2593 relioto,
291 2511 447 2578 libentius
463 2510 695 2603 conscendant.

193 2627 270 2706 Quae
283 2647 398 2696 omnes
414 2627 558 2715 epistola
578 2628 672 2696 solita
688 2628 794 2696 Nostri
812 2627 938 2716 ingenii
958 2628 1127 2712 facultate,
1150 2651 1217 2699 non

149 2765 224 2814 vero
238 2743 368 2813 dicendi
388 2742 555 2824 varietata,
586 2763 661 2810 oum
678 2742 746 2811 fere
766 2763 880 2811 omnes
902 2745 1072 2814 volvantur
1090 2744 1135 2813 de
1162 2767 1217 2814 ea-

147 2860 223 2931 dem
236 2861 384 2944 materia,
400 2858 686 2928 commendantur.
702 2860 901 2927 Dnodeoima
914 2860 1123 2943 colonomon,
1152 2862 1215 2929 hoo

149 2977 250 3068 estlat
259 2980 375 3046 saltem
386 2976 469 3047 illud
481 2975 680 3065 quibusdam
688 2976 961 3067 plaouitloarmen
970 2976 1218 3065 graeoislatinis·

149 3095 350 3182 quevooibus
360 3093 450 3162 eaesis
463 3093 694 3183 compositum,
712 3091 826 3181 dequo
836 3094 927 3183 prius
939 3093 1104 3161 Ausonius
1117 3096 1217 3163 verha

147 3211 225 3280 fecit
243 3212 265 3294 ¹,
282 3212 390 3279 forsan
407 3211 563 3279 eontinet.
588 3209 681 3278 Haud
700 3209 832 3299 quidem
854 3209 1024 3299 illepidum
1040 3218 1092 3279 est
1106 3218 1217 3281 totum

147 3348 280 3419 poema;
299 3336 470 3411 tamen‚ut
478 3326 788 3417 aitipse,interdum
796 3327 830 3394 in
839 3327 944 3396 verhis
952 3326 1046 3411 rude,
1058 3327 1136 3397 etin
1145 3351 1218 3400 ver—

146 3445 1218 3535 sibusconcinnationisexpers;ludioriverooarminisspeoiemad·

145 3562 1219 3654 huoproehet.Indeoimatertia,duograoiversustantumleguu-

147 3680 679 3751 tur.Deoimaverosententiarum
691 3687 862 3749 venustate
873 3679 1069 3768 dicendique
1080 3681 1219 3770 elegan-

145 3798 190 3866 tia
202 3799 352 3868 omnium
362 3795 1026 3888 prestantissima,quandsoniusmusam
1036 3796 1124 3865 ruris
1134 3797 1219 3869 deli·

176 3989 198 4036 l.
210 3981 304 4052 Epist.
320 3986 367 4038 XI.
382 4012 413 4022 -
429 3985 499 4037 Vide
512 3989 602 4037 tamon
617 3985 649 4036 de
664 3985 742 4036 voris
757 3983 905 4035 colonomon
924 3999 1007 4037 sensu
1021 3984 1053 4036 R.
1069 3983 1218 4041 Dezeime·

144 4066 192 4128 ris,
207 4068 306 4120 dlodev
319 4084 365 4121 sur
380 4068 403 4119 le
415 4067 547 4130 Onerolns,
560 4069 619 4118 laet
630 4083 637 4127 ;
649 4068 744 4132 Leponr
753 4066 889 4126 nouvelles,
904 4067 972 4118 1876.
