2730 4926
590 393 765 458 ..44-

145 569 234 630 mata
259 563 441 631 accuratius
472 559 696 643 tradiderunt3
720 558 809 649 quod
838 567 900 644 est,
921 568 959 630 ut
982 560 1068 631 infra
1083 563 1218 634 notabi-

146 698 234 761 mus,
251 679 413 747 inclinata
433 699 470 747 ac
488 677 628 746 labantis
646 676 817 745 latinitatis
838 677 984 765 signum.

190 795 353 864 Ausonius
379 814 415 864 se
438 794 572 864 ternarii
599 793 729 861 numeri
757 794 913 882 griphum
934 794 969 861 in
985 793 1213 882 expeditione,

150 940 166 975 «
183 911 271 999 quod
283 920 424 1002 tempus,
440 920 477 980 ut
496 912 570 983 scis,
585 910 725 979 licentiae
741 909 892 978 militaris
914 917 975 992 est,
995 937 1011 972 »
1031 918 1064 979 et
1078 922 1217 1002 propter

146 1027 366 1110 convivarum,
384 1028 441 1117 qui
453 1047 574 1095 manse
591 1026 662 1114 ejus
678 1024 905 1108 consederant,
921 1025 1153 1095 invitationem
1169 1028 1215 1097 ita

146 1142 287 1212 edidisse
313 1152 434 1226 narrat,
465 1145 561 1211 utin
588 1142 767 1230 nonaginta
797 1143 958 1224 versibus,
985 1143 1097 1230 coeptis
1121 1143 1216 1212 inter

144 1258 385 1349 prandendum,
412 1267 445 1328 et
473 1267 547 1327 ante
572 1279 669 1326 caenae
694 1266 825 1348 tempus
841 1259 1011 1341 absolutis,
1032 1260 1137 1328 varias
1159 1280 1214 1329 ex-

146 1375 310 1466 primendi
333 1375 466 1444 temarii
490 1376 621 1443 numeri
644 1375 786 1444 rationes
805 1375 975 1444 indicaret.
993 1376 1134 1444 Carmen
1150 1377 1215 1445 etsi

146 1490 230 1559 illud
243 1492 283 1559 ab
301 1491 427 1580 ingenii
437 1492 602 1572 acumine,
620 1491 774 1559 varietate
788 1490 1040 1579 eruditioneque
1051 1511 1118 1557 non
1133 1492 1214 1561 alie-

150 1628 232 1675 num
251 1607 391 1691 videtur,
413 1628 473 1676 nos
494 1615 605 1675 tamen
625 1606 768 1676 latemur
782 1607 932 1675 inanium
951 1627 1117 1695 nugarum
1132 1606 1213 1676 ista·

146 1743 220 1790 rum
235 1722 396 1791 illecebris
410 1723 493 1791 allici
515 1744 581 1791 non
600 1743 708 1812 posse,
733 1744 805 1810 quae
820 1744 975 1812 magnam
991 1722 1125 1812 quidem
1142 1725 1213 1793 vim

148 1844 181 1904 et
197 1837 386 1906 facilitatem
410 1838 596 1921 ostendant,
620 1859 686 1905 non
708 1858 783 1907 vero
799 1838 922 1906 summi
938 1846 1041 1926 poeta
1057 1845 1211 1908 mentem

146 1953 438 2022 excitarevaleant.
457 1953 549 2033 Quod
577 1955 693 2022 Noster
718 1955 788 2044 ipse
808 1953 888 2021 adeo
922 1953 1036 2034 sensit,
1065 1960 1135 2021 uta
1164 1954 1213 2023 le·

149 2069 388 2156 genteveniam
407 2070 469 2138 sibi
497 2068 734 2159 exposcendam
768 2069 939 2151 curaverit,
958 2090 1034 2137 cum
1059 2088 1095 2136 se
1109 2089 1211 2158 opus-

147 2185 259 2252 culum
292 2211 303 2246 ι
328 2182 410 2254 dum
435 2185 530 2268 bibit,
545 2194 578 2254 et
606 2187 702 2276 paulo
718 2194 895 2273 antequam
914 2186 1042 2254 biberet
1058 2210 1074 2246 »
1096 2185 1212 2254 condi-

147 2299 247 2383 disse,
267 2329 283 2365 «
308 2302 535 2390 injuriamque
566 2323 638 2370 esse
654 2301 694 2370 de
716 2309 812 2392 poeta
829 2302 915 2370 male
928 2303 1036 2371 sobrio
1050 2302 1212 2370 lectorem

145 2416 344 2486 abstemium
352 2419 501 2506 J'udicare
521 2445 537 2480 »
556 2419 759 2509 profiteatur.

190 2534 273 2601 (lum
299 2534 433 2601 Ausonii
459 2535 577 2623 gripho
600 2535 763 2623 Symposii
778 2534 966 2623 aenigmata,
984 2555 1051 2601 non
1071 2531 1212 2621 quidem

73 2632 77 2645 '
144 2646 329 2730 invenusta,
347 2669 432 2737 quae,
450 2657 522 2739 post
536 2651 648 2739 epulas
663 2651 764 2733 latas,
783 2660 856 2741 post
868 2652 984 2740 pocula
993 2649 1101 2718 dulcia
1114 2670 1213 2718 men·

58 2805 61 2813 -
144 2781 200 2845 sae,
222 2771 254 2832 et
272 2764 399 2853 prodita
418 2786 549 2854 quoque
571 2767 717 2840 luerunt.
736 2776 770 2836 et
789 2768 920 2855 singula
936 2767 1039 2835 ternis
1060 2765 1212 2835 versibus

143 2882 391 2969 comprehensa,
414 2902 609 2971 componere
626 2883 744 2972 possis.

188 2997 342 3084 Sequitur
366 2996 662 3088 Technopaepoion,
684 2999 791 3065 adhuc
807 2998 902 3066 lusus
923 3019 1001 3067 vere
1017 2997 1152 3087 puerilis
1179 3006 1215 3066 et

144 3111 253 3181 futiles
279 3112 425 3196 fallace,
452 3113 572 3202 quibus
599 3114 734 3182 Ausonii
761 3134 868 3196 musa,
882 3115 953 3203 jam
973 3133 1150 3183 senescens
1173 3133 1212 3182 ac

143 3227 281 3296 Mosella
296 3229 433 3318 aliisque
448 3230 626 3318 majoribus
642 3229 780 3298 conditis
796 3231 890 3318 quasi
906 3233 1074 3310 exhausta,
1089 3228 1212 3318 gaude·

145 3343 212 3424 bat,
242 3353 551 3434 quantumcumque
570 3344 681 3414 latinis
701 3346 820 3414 litteris
838 3366 877 3413 ex
891 3347 943 3415 his
963 3347 1133 3414 afferretur
1152 3343 1213 3414 de-

145 3458 337 3528 trimentum
354 3460 465 3528 oblita.

188 3575 308 3643 Poema
322 3577 357 3643 in
377 3575 457 3645 duas
469 3585 575 3666 partes
591 3577 769 3660 dividitur;
787 3597 927 3665 quarum
942 3576 977 3643 in
992 3576 1105 3658 altera,
1118 3577 1212 3664 quis-

144 3711 208 3778 que
235 3712 359 3775 versus,
386 3695 610 3782 monosyllaba
634 3714 712 3764 voce
732 3692 873 3782 quadam
894 3701 1028 3782 coptus,
1050 3692 1085 3760 in
1110 3692 1212 3760 aliam

142 3809 401 3894 monosyllabum
426 3810 558 3892 desinit,
590 3831 655 3899 qua
675 3830 788 3881 versus
803 3830 945 3898 sequens
961 3809 1090 3898 incipit;
1109 3816 1213 3898 atquo

144 3923 179 3988 in
195 3924 306 4005 altera,
338 3946 450 3993 versus
478 3928 702 4016 monosyllaba
720 3947 850 4014 quoque
871 3927 1047 4008 liniuntur;
1064 3927 1135 3993 haeo
1149 3947 1213 3995 au-

146 4047 214 4108 tem
236 4060 293 4109 vor
317 4041 349 4107 in
380 4063 475 4110 versu
503 4045 672 4131 posteriori
688 4042 777 4111 haud
792 4044 911 4110 iterum
928 4043 1076 4132 ponitur;
1108 4051 1212 4133 atque
