2730 4926
597 383 772 450 ..μ-33...

196 549 460 638 Unusquisquee
475 556 602 637 septem
619 548 746 616 Gracia
762 549 965 639 sapientibus
975 552 1011 620 in
1021 553 1221 621 orchestram

145 667 304 758 palliatus
326 665 440 733 ordine
454 660 860 756 prodit,'sententiamque
876 667 954 736 olim
974 690 992 736 a
1010 687 1046 736 se
1064 669 1222 757 prolatam

146 782 351 852 hexametris
374 782 484 850 latinis
505 781 654 869 explicat.

198 903 238 966 ln
253 901 400 989 prologo,
418 900 533 966 Noster
555 898 669 985 quanti
688 896 728 966 de
756 899 884 967 theatro
905 901 993 968 inter
1012 902 1137 968 Graecos
1160 901 1223 969 Ro·

149 1036 336 1104 manosque
356 1015 544 1097 interesset,
566 1035 602 1081 ac
627 1015 684 1102 qui
708 1015 767 1082 viri
784 1016 893 1083 Roma
913 1037 1047 1084 scenam
1067 1016 1222 1085 condide-

149 1133 231 1213 rint,
249 1140 351 1200 notat.
371 1134 453 1199 Tum
469 1131 592 1199 Ludius
610 1130 745 1219 quidam
762 1130 802 1198 de
819 1132 956 1218 agendis
970 1134 1101 1201 vocibus
1116 1133 1223 1202 brevi·

153 1259 204 1316 ter
231 1248 372 1316 disserit.
394 1247 540 1315 Tandem
560 1248 657 1314 Solon
679 1248 818 1336 primus,
845 1248 880 1313 in
905 1269 1039 1316 scenam
1055 1248 1221 1337 prodiens,

152 1366 309 1433 trecentis
331 1364 479 1434 versibus
501 1366 701 1430 sententiam
716 1363 858 1450 peragit.
877 1363 981 1442 Quem
1001 1374 1151 1453 spectans
1167 1385 1224 1432 au·
1328 1445 1330 1449 y

154 1479 315 1567 diensque
337 1478 530 1566 indignatur
552 1478 658 1560 Chilo,
677 1479 734 1565 qui
750 1479 833 1545 iram
853 1478 942 1545 haud
958 1478 1101 1568 illepidis
1118 1481 1224 1549 verbis

155 1595 327 1685 expromit.
345 1595 443 1662 Chiro
455 1593 590 1681 quidem
606 1593 676 1661 ludi
694 1614 840 1661 scurram
857 1595 941 1682 agit3
962 1595 1035 1662 Bias
1055 1615 1130 1663 vero
1149 1616 1225 1663 acu-

154 1713 221 1780 tius
234 1731 270 1778 ac
286 1711 456 1779 delicatius
470 1708 598 1777 deridet
609 1709 785 1778 auditores.
801 1711 868 1778 lloc
882 1711 979 1778 modo
992 1713 1121 1801 sapiens
1134 1712 1224 1799 quis·

155 1849 221 1915 que
241 1836 423 1916 spectantes
438 1825 627 1913 alloquitur,
643 1826 841 1913 illorumque
860 1826 995 1914 plausus
1012 1827 1166 1915 exposcit.

198 1945 388 2031 Sequuntur
409 1950 535 2031 septem
555 1941 754 2030 sapientium
770 1943 941 2010 sententia
957 1943 1100 2031 septenis
1121 1943 1221 2012 versi-

154 2060 217 2127 bus
237 2060 400 2147 erplicatae
418 2081 425 2140 ;
448 2068 532 2139 tum,
548 2077 680 2124 carmen
694 2056 826 2144 aliquod
842 2057 883 2125 de
899 2058 1151 2148 iisdemseptem
1171 2080 1221 2128 sa-

151 2175 318 2265 pientibus
335 2194 482 2262 egaeae,
500 2173 594 2261 cujus
613 2194 726 2243 versus
757 2174 897 2262 quisquc
927 2175 1083 2264 sapientis
1112 2175 1220 2264 cujus·

154 2312 220 2380 que
235 2283 369 2372 nomen,
383 2291 521 2379 patriam
541 2311 722 2377 vocemque
742 2301 916 2358 memorat.

199 2407 353 2495 Opusculi
381 2405 480 2493 hujus
511 2406 643 2473 moralis
669 2426 742 2493 pars
768 2406 858 2473 haud
883 2407 1036 2496 impura;
1066 2405 1219 2488 narrandi

153 2531 265 2590 autem
280 2523 361 2590 ratio
375 2521 495 2589 aridior
510 2530 543 2589 et
552 2541 684 2610 prorsus
693 2521 840 2608 jejunior
853 2523 948 2590 nobis
963 2521 1105 2605 videtur,
1121 2543 1221 2611 quam

153 2646 192 2706 ut
217 2637 351 2704 taedium
375 2637 521 2726 repellat.
547 2635 765 2704 audientibus
786 2637 921 2726 quidem
937 2639 1050 2706 amicis
1078 2640 1222 2728 scriptor

152 2754 246 2822 utilia
264 2753 429 2842 sapientiae
445 2762 604 2842 praecepta
625 2752 735 2821 forsan
755 2754 858 2824 voluit
874 2775 1057 2843 exponere:
1082 2755 1220 2822 arbitra-

154 2870 252 2938 batur
274 2870 364 2937 enim
390 2869 548 2952 docenda,
570 2890 706 2958 poeseos
735 2870 855 2939 auxilio
884 2871 1008 2958 adjuta,
1029 2871 1158 2939 facilius
1186 2874 1221 2939 in

154 2986 274 3055 animis
293 2985 387 3073 infigi
409 3007 484 3075 poss
569 2994 668 3052 uanto
691 2994 801 3054 autem
824 2987 963 3054 celerius
988 2986 1135 3053 doctrina
1159 2987 1221 3054 im·

153 3103 227 3171 buti
242 3111 365 3185 essent,
391 3102 418 3170 si
437 3102 471 3170 di
661 3101 751 3170 eticae
774 3103 961 3171 amoenitate
982 3110 1016 3171 et
1036 3103 1221 3172 carminum

156 3225 328 3288 venustate
344 3239 400 3287 eos
415 3218 604 3288 allexisset!

606 3489 640 3545 x.
658 3489 773 3559 nyma.

205 3697 330 3787 idyllia
348 3698 493 3767 Ausonio
514 3696 652 3783 gloriam
672 3716 747 3763 vere
763 3699 960 3766 confirmant
976 3719 983 3779 ;
1001 3697 1037 3763 in
1056 3695 1121 3763 illis
1137 3694 1226 3762 enim

158 3814 292 3896 merito,
314 3835 395 3902 quas
415 3813 557 3900 aquales
583 3811 646 3900 ipsi
667 3810 864 3897 tribuerunt,
895 3815 1030 3882 virtutes
1054 3811 1224 3878 miramur.

159 3930 235 3998 Hae
264 3932 408 3998 carmina
432 3928 572 3997 bucolici
596 3935 653 3995 aut
680 3926 722 3994 ad
754 3928 1010 3999 describendum
1033 3925 1227 4018 pertinentis

160 4045 293 4134 generis
316 4048 384 4117 fere
409 4045 519 4115 omnia
547 4051 646 4111 sunt:
686 4064 781 4131 porro
812 4048 936 4117 Noster·
953 4048 989 4114 iu
1013 4044 1147 4113 materia
1173 4041 1226 4109 illa

1063 4166 1078 4218 a
