2730 4926
586 432 628 446 ...
654 403 693 462 12
718 433 760 446 .-

196 564 279 634 .tlud
298 584 372 633 vero
386 564 426 631 de
441 565 611 651 posteriori
629 586 636 631 :

249 744 360 800 innuba
376 745 477 800 devota
490 760 552 816 quae
567 746 738 813 virginitatis
751 759 869 801 umorem

320 845 466 912 Parcaque
481 859 551 898 anus
566 842 654 898 coluit
670 846 690 898 ¹.

188 1007 298 1088 Porro,
320 1012 449 1072 tantum
473 1003 565 1071 abest
585 1010 622 1071 ut
652 1001 783 1072 ethnica
802 1003 917 1092 religio
947 1003 988 1071 ad
1012 1003 1211 1093 virginitatis

146 1123 272 1192 cultum
290 1123 454 1202 invitaret,
472 1158 514 1170 -
529 1128 566 1189 ut
582 1128 692 1188 contra
703 1120 905 1187 connubium
920 1119 979 1188 viis
991 1120 1210 1208 quibuscum·

145 1258 213 1327 que
232 1236 409 1326 adjuvaret.
428 1236 682 1325 imperatoribus
702 1236 791 1303 enim
814 1235 1020 1316 florentibus,
1037 1235 1146 1324 ajuro
1166 1237 1209 1305 ci-

144 1354 202 1424 vili
221 1355 286 1423 vim
300 1361 333 1421 et
356 1354 581 1422 auctoritatem
597 1353 775 1441 accipiebat
792 1352 927 1430 semina,
946 1353 1066 1440 quihus
1079 1353 1209 1422 facilius

143 1471 245 1539 iniret
262 1471 520 1539 matrimonium.
538 1471 658 1538 Christi
674 1491 748 1538 vero
763 1469 908 1536 doctrina
928 1469 1124 1556 virginitatis
1142 1471 1210 1538 cul·

147 1596 219 1656 tum
247 1586 443 1678 praedicavit,
467 1588 616 1673 hancque
637 1586 830 1654 mulieribus
855 1586 979 1654 curavit
995 1586 1209 1655 servandam.

146 1703 239 1785 Inde,
266 1702 353 1771 haud
374 1703 538 1770 immerito
557 1701 688 1770 credere
708 1703 783 1769 iicet
811 1710 985 1789 utramque
1001 1703 1137 1771 Ausonii
1158 1725 1210 1771 co-

147 1828 280 1908 gnatam
302 1818 491 1886 Christianis
511 1818 679 1906 praeoeptis
695 1818 937 1906 obtemperasse
960 1838 967 1884 :
989 1819 1211 1906 poetaigitur

147 1933 265 2003 iisdem
280 1934 447 2023 praecptis
462 1955 480 2000 a
495 1934 634 2023 pueritia
648 1934 710 2000 fuit
723 1932 935 2016 imbuendus,
959 1953 1036 2002 oum
1064 1934 1105 2001 ab
1119 1937 1207 2003 AEm.

143 2049 264 2118 iiiiaria
278 2049 468 2137 diligentius
489 2049 645 2118 educatus
665 2049 788 2118 fuerit:

303 2230 404 2302 Tuque
479 2228 541 2284 vice
556 2226 658 2284 matris

248 2320 358 2377 affectu
374 2318 434 2374 nati
449 2317 708 2375 commemoranda
722 2316 769 2389 pio
787 2318 810 2374 ².

314 2460 397 2528 Quia,
412 2460 454 2516 uti
467 2464 561 2516 mater
573 2459 691 2516 monitis
704 2463 733 2515 et
746 2475 845 2516 amore
859 2459 987 2524 fovebas,

250 2560 398 2632 supremis
412 2558 503 2615 reddo
518 2559 594 2614 filius
610 2558 751 2630 exsequiis
764 2560 786 2620 ³.

185 2722 272 2804 imo,
288 2720 358 2810 ipsa
374 2740 475 2802 soror,
491 2719 575 2788 tolia
596 2717 745 2808 Dryadia,
763 2718 978 2788 christianum
995 2726 1082 2790 certo
1099 2741 1212 2792 serva-

146 2836 204 2906 hat
217 2837 330 2920 ritum,
347 2846 443 2926 prout
458 2856 568 2906 versus
583 2835 630 2905 ihi
645 2834 801 2904 denotant
821 2856 829 2902 :

248 3027 283 3082 Et
296 3041 397 3082 verum
411 3024 470 3080 rita
482 3023 528 3080 cui
542 3023 656 3093 carius;
681 3039 790 3092 unoque
804 3002 870 3081 ou'ra

446 3126 529 3182 Nosse
543 3126 627 3180 Deum
640 3125 662 3180 ⁴.

185 3301 270 3374 illud
294 3310 449 3393 praterea
467 3302 561 3372 nohis
577 3301 758 3371 Ausonium
773 3300 875 3370 fuisse
892 3302 1116 3370 Christianum
1132 3323 1211 3391 pro·-

141 3419 209 3502 hat,
228 3419 352 3488 scilicet
366 3419 460 3488 ilium
475 3441 494 3488 a
507 3419 731 3488 Valentiniano
750 3417 946 3507 imperatore
960 3417 1048 3486 inter
1077 3418 1208 3490 multos

174 3606 197 3657 i.
212 3607 285 3666 Pan,
299 3619 370 3666 xxvi,
385 3606 409 3656 ³.

173 3687 196 3736 2.
212 3687 285 3746 Par„
300 3700 334 3745 rr,
351 3688 373 3736 i.

174 3770 198 3818 3.
212 3767 283 3819 Ibid.

173 3849 196 3898 i.
211 3849 285 3908 Par„
294 3861 340 3909 xri,
351 3849 375 3900 i.
383 3848 564 3908 -ArboriuS,
578 3847 706 3913 Dryadiae
717 3848 800 3908 filius,
813 3849 843 3898 ut
851 3845 970 3899 similius
980 3846 1038 3897 veri
1050 3847 1101 3906 est,
1111 3846 1197 3900 Chris

144 3929 201 3978 tum
214 3927 390 3980 devotissime
402 3929 492 3980 coluit.
505 3957 536 3967 -
550 3931 591 3980 De
605 3929 723 3980 carmine
743 3928 891 3983 Christiani
905 3927 1015 3987 Paulini
1035 3927 1147 3987 Pellaei,
1160 3942 1207 3980 ne-

144 4009 215 4072 potis
229 4009 353 4070 Ausonii,
366 4009 546 4069 Euchariston,
562 4009 736 4073 Hesperium,
760 4007 873 4071 hujusce
894 4009 1007 4076 patrem,
1030 4007 1056 4057 et
1071 4006 1200 4064 Christia-

144 4103 210 4151 num
225 4089 310 4140 hriase
324 4092 448 4140 constare
462 4089 528 4140 mihi
540 4089 660 4150 videtur.
