2730 4926
687 339 857 404 ..η-

243 534 319 577 com
330 507 448 576 datzrm
461 510 541 588 θεας
561 533 573 566 ι
590 505 678 593 quod
691 507 756 573 Deo
765 504 1024 572 Christianorum
1033 505 1216 574 orationem
1230 514 1306 574 ante

149 711 152 715 ¹
241 636 423 695 ceterorum
446 623 511 691 diei
530 622 738 710 negotiorum
759 620 1014 709 descriptionem
1036 622 1178 712 positam
1198 623 1307 690 mani-

241 741 323 809 festo
339 739 552 809 demonstrat.

285 859 422 924 Carmen
438 855 577 921 alterum
592 853 680 921 idem
694 853 877 935 confirmat,
897 873 1017 943 nempe
1037 854 1138 922 oratio
1158 856 1306 924 consulis

239 971 373 1041 Ausonii
393 970 540 1040 versibus
559 967 745 1058 rhopalicis,
764 989 836 1057 que
853 968 958 1036 adhuc
977 980 1080 1058 poetae
1101 970 1204 1039 nostri
1221 991 1306 1060 opus

239 1095 389 1174 negatur.
418 1089 568 1152 Attamen
590 1084 691 1172 ipsius
725 1104 797 1151 esse
816 1085 996 1152 existimata
1021 1094 1081 1168 est,
1103 1095 1202 1173 atque
1221 1085 1307 1153 iliud

241 1200 436 1282 notandum,
463 1199 490 1267 si
515 1198 591 1266 talia
614 1200 757 1266 carmina
783 1199 918 1267 Ausonii
938 1221 1038 1268 manu
1058 1201 1159 1268 fuisse
1184 1201 1306 1291 scripta

240 1325 353 1408 putata
383 1325 486 1396 sunt,
529 1334 663 1383 necesse
695 1323 732 1382 ut
773 1316 935 1384 Ausonius
965 1337 1031 1382 non
1065 1338 1083 1383 a
1115 1318 1303 1398 sententiis,

240 1436 274 1502 in
293 1433 357 1501 illis
373 1431 520 1500 versibus
540 1431 676 1511 collatis,
694 1430 910 1498 abhorruerit.
933 1432 1101 1510 Quomodo
1117 1433 1207 1500 enim
1226 1433 1305 1501 huic

239 1558 354 1638 poetae,
373 1548 481 1635 aliqua
495 1547 637 1614 veritatis
660 1547 779 1634 specie,
801 1568 838 1615 ea
853 1548 1089 1631 attribuissent,
1104 1548 1131 1616 si
1146 1548 1201 1616 illa
1217 1549 1305 1618 inter

240 1664 387 1752 ethnicos
423 1670 511 1758 esset
540 1660 787 1730 numerandus?
809 1664 860 1745 ht,
890 1665 959 1731 haec
987 1664 1088 1732 oratio
1118 1665 1304 1733 Christiana

239 1779 393 1868 mysteria
409 1786 465 1846 aut
486 1787 699 1878 sacramenta,
721 1779 837 1866 prioris
852 1779 965 1861 instar,
984 1779 1018 1846 in
1034 1780 1228 1848 memoriam
1253 1801 1304 1849 re·

239 1904 341 1964 vocat.

281 2012 351 2080 Alia
366 2030 440 2079 vero
455 2010 655 2090 testimonia,
673 2031 744 2097 quae
760 2011 903 2079 recusari
923 2012 1046 2078 anullo
1061 2019 1211 2099 possunt,
1233 2033 1303 2079 non

238 2128 349 2196 minus
363 2134 472 2215 aperte
489 2125 698 2193 christianam
722 2126 856 2194 Ausonii
876 2127 1071 2214 religionem
1089 2127 1299 2216 patefacient.

282 2243 318 2310 ln
343 2242 455 2309 multis
476 2227 568 2323 locis,
595 2251 690 2329 poeta
705 2241 879 2309 confitetur
900 2263 966 2310 non
986 2242 1083 2309 modo
1100 2244 1218 2311 animae
1238 2247 1303 2311 im-

237 2360 480 2439 mortalitatem,
498 2379 570 2446 quae
590 2365 623 2425 et
647 2358 687 2425 ah
707 2358 846 2425 ethnicis
866 2359 928 2425 iuit
950 2357 1095 2440 defensa,
1119 2359 1177 2427 sed
1201 2360 1303 2428 etiarn

237 2477 380 2543 suturam
404 2483 437 2542 et
460 2485 615 2541 aeternam
641 2474 753 2555 vitam,
776 2474 810 2540 in
829 2495 893 2561 qua
916 2475 1082 2558 homines,
1109 2497 1176 2544 aevo
1196 2478 1303 2546 semel

238 2591 395 2672 defuncti,
411 2590 591 2659 viventium
607 2591 747 2657 fatorum
763 2589 869 2658 adhuc
884 2600 962 2658 sunt
977 2593 1111 2674 conscii,
1127 2613 1162 2661 ac
1178 2590 1220 2660 de
1235 2593 1302 2663 iilis

238 2714 364 2789 curant,
400 2714 433 2774 et
452 2725 523 2793 quae
553 2705 631 2772 olim
664 2706 803 2787 cunctis,
832 2717 905 2794 post
925 2727 1116 2805 supremum
1135 2709 1193 2775 Dei
1210 2707 1304 2796 judi-

237 2824 338 2904 cium,
354 2821 415 2890 erit
434 2821 634 2903 communis;
657 2831 825 2909 praterea,
844 2831 997 2911 precatur
1015 2825 1130 2892 Noster
1140 2833 1305 2913 utparen-

238 2948 309 3008 tum
323 2939 438 3007 animae
451 2938 564 3025 requie
584 2946 704 3004 aeterna
717 2936 901 3006 donentur:
920 2947 953 3005 at
968 2942 1018 3006 hae
1036 2940 1223 3024 sententiae,
1242 2941 1304 3010 tir·

238 3055 443 3145 cumscriptis
459 3054 635 3124 enuntiatae
651 3053 770 3136 verbis,
789 3055 971 3123 christianae
982 3056 1134 3143 religioni
1145 3056 1207 3125 soli
1222 3067 1305 3126 sunt

238 3172 403 3263 proprie:
1243 3155 1245 3160 ἲ

379 3409 415 3463 Et
425 3408 511 3463 modo
527 3407 656 3463 conciliis
670 3408 833 3464 animarum
846 3408 932 3465 mixte
947 3409 1072 3483 piorum,

380 3508 451 3564 Fata
462 3507 504 3563 tui
516 3511 592 3563 certe
605 3510 675 3563 nota
689 3507 803 3579 nepotis
817 3507 907 3564 habes
921 3510 941 3564 ¹.

378 3689 413 3700 -
426 3657 609 3731 Tranquillus
623 3658 692 3716 aviae
709 3659 807 3717 cinere
822 3663 956 3732 praestate
970 3665 1057 3729 quieti

431 3760 573 3815 AEterncm
584 3761 628 3816 2...

266 3968 289 4018 t.
303 3965 377 4028 Par,
391 3980 425 4029 av,
440 3970 480 4020 29.

266 4047 292 4098 2.
304 4047 377 4106 Par..
392 4060 417 4106 u,
433 4048 471 4100 11.
