<?xml version="1.0" encoding="UTF-8"?>
<!DOCTYPE html PUBLIC "-//W3C//DTD XHTML 1.0 Transitional//EN"
    "http://www.w3.org/TR/xhtml1/DTD/xhtml1-transitional.dtd">
<html xmlns="http://www.w3.org/1999/xhtml" xml:lang="en" lang="en">
 <head>
  <title>
</title>
<meta http-equiv="Content-Type" content="text/html;charset=utf-8" />
  <meta name='ocr-system' content='tesseract 3.04.00' />
  <meta name='ocr-capabilities' content='ocr_page ocr_carea ocr_par ocr_line ocrx_word'/>
</head>
<body>
  <div class='ocr_page' id='page_1' title='image "./dedmausoniioper00evergoog_0071.png"; bbox 0 0 2722 4920; ppageno 0'>
   <div class='ocr_carea' id='block_1_1' title="bbox 588 395 764 461">
    <p class='ocr_par' dir='ltr' id='par_1_1' title="bbox 588 395 764 461">
     <span class='ocr_line' id='line_1_1' title="bbox 588 395 764 461; baseline -0.006 -16"><span class='ocrx_word' id='word_1_1' title='bbox 588 395 764 461; x_wconf 66' lang='lat'>..54-</span> 
     </span>
    </p>
   </div>
   <div class='ocr_carea' id='block_1_2' title="bbox 137 560 1219 3547">
    <p class='ocr_par' dir='ltr' id='par_1_2' title="bbox 140 560 1216 769">
     <span class='ocr_line' id='line_1_2' title="bbox 142 560 1216 653; baseline -0.007 -15"><span class='ocrx_word' id='word_1_2' title='bbox 142 567 302 648; x_wconf 77' lang='lat' dir='ltr'>livionem,</span> <span class='ocrx_word' id='word_1_3' title='bbox 320 565 360 633; x_wconf 91' lang='lat' dir='ltr'>ab</span> <span class='ocrx_word' id='word_1_4' title='bbox 376 562 531 633; x_wconf 90' lang='lat' dir='ltr'>omnibus</span> <span class='ocrx_word' id='word_1_5' title='bbox 546 561 650 652; x_wconf 88' lang='lat' dir='ltr'>patrio</span> <span class='ocrx_word' id='word_1_6' title='bbox 667 560 899 650; x_wconf 84' lang='lat' dir='ltr'>stringendum</span> <span class='ocrx_word' id='word_1_7' title='bbox 928 563 1116 653; x_wconf 84' lang='lat' dir='ltr'>complexu,</span> <span class='ocrx_word' id='word_1_8' title='bbox 1140 589 1158 625; x_wconf 74' lang='lat' dir='ltr'>a</span> <span class='ocrx_word' id='word_1_9' title='bbox 1183 571 1216 633; x_wconf 90' lang='lat' dir='ltr'>et</span> 
     </span>
     <span class='ocr_line' id='line_1_3' title="bbox 140 677 1073 769; baseline -0.008 -15"><span class='ocrx_word' id='word_1_10' title='bbox 140 705 208 754; x_wconf 92' lang='lat' dir='ltr'>non</span> <span class='ocrx_word' id='word_1_11' title='bbox 222 682 333 752; x_wconf 88' lang='lat' dir='ltr'>minus</span> <span class='ocrx_word' id='word_1_12' title='bbox 349 700 461 749; x_wconf 89' lang='lat' dir='ltr'>camm</span> <span class='ocrx_word' id='word_1_13' title='bbox 478 699 577 769; x_wconf 90' lang='lat' dir='ltr'>quam</span> <span class='ocrx_word' id='word_1_14' title='bbox 596 679 781 769; x_wconf 77' lang='lat' dir='ltr'>Hesperum</span> <span class='ocrx_word' id='word_1_15' title='bbox 800 677 906 746; x_wconf 90' lang='lat' dir='ltr'>lilium</span> <span class='ocrx_word' id='word_1_16' title='bbox 923 678 1073 748; x_wconf 89' lang='lat' dir='ltr'>haberet.</span> 
     </span>
    </p>

    <p class='ocr_par' dir='ltr' id='par_1_3' title="bbox 137 793 1219 1693">
     <span class='ocr_line' id='line_1_4' title="bbox 186 793 1213 868; baseline -0.001 -2"><span class='ocrx_word' id='word_1_17' title='bbox 186 800 260 868; x_wconf 81' lang='lat' dir='ltr'>lloec</span> <span class='ocrx_word' id='word_1_18' title='bbox 279 805 390 867; x_wconf 87' lang='lat' dir='ltr'>autem</span> <span class='ocrx_word' id='word_1_19' title='bbox 404 795 532 864; x_wconf 89' lang='lat' dir='ltr'>duabus</span> <span class='ocrx_word' id='word_1_20' title='bbox 550 795 622 863; x_wconf 91' lang='lat' dir='ltr'>aliis</span> <span class='ocrx_word' id='word_1_21' title='bbox 638 795 756 863; x_wconf 88' lang='lat' dir='ltr'>litteris</span> <span class='ocrx_word' id='word_1_22' title='bbox 782 793 992 863; x_wconf 85' lang='lat' dir='ltr'>continentur</span> <span class='ocrx_word' id='word_1_23' title='bbox 1011 817 1019 864; x_wconf 91' lang='lat'>:</span> <span class='ocrx_word' id='word_1_24' title='bbox 1046 796 1213 865; x_wconf 84' lang='lat' dir='ltr'><strong>Paulinus</strong></span> 
     </span>
     <span class='ocr_line' id='line_1_5' title="bbox 141 909 1219 1006; baseline -0.004 -23"><span class='ocrx_word' id='word_1_25' title='bbox 141 915 210 1006; x_wconf 91' lang='lat' dir='ltr'>qui,</span> <span class='ocrx_word' id='word_1_26' title='bbox 220 914 346 1004; x_wconf 89' lang='lat' dir='ltr'>poetica</span> <span class='ocrx_word' id='word_1_27' title='bbox 353 910 505 981; x_wconf 87' lang='lat' dir='ltr'>facundia</span> <span class='ocrx_word' id='word_1_28' title='bbox 520 911 667 993; x_wconf 66' lang='lat' dir='ltr'>inflatus</span> <span class='ocrx_word' id='word_1_29' title='bbox 681 909 861 979; x_wconf 78' lang='lat' dir='ltr'><strong>condendis</strong></span> <span class='ocrx_word' id='word_1_30' title='bbox 871 911 1020 980; x_wconf 87' lang='lat' dir='ltr'>versibus</span> <span class='ocrx_word' id='word_1_31' title='bbox 1036 912 1172 1000; x_wconf 88' lang='lat' dir='ltr'>«perite</span> <span class='ocrx_word' id='word_1_32' title='bbox 1184 920 1219 982; x_wconf 87' lang='lat' dir='ltr'>et</span> 
     </span>
     <span class='ocr_line' id='line_1_6' title="bbox 142 1025 1219 1112; baseline -0.003 -13"><span class='ocrx_word' id='word_1_33' title='bbox 142 1030 313 1112; x_wconf 89' lang='lat' dir='ltr'>concinne,</span> <span class='ocrx_word' id='word_1_34' title='bbox 331 1026 499 1095; x_wconf 89' lang='lat' dir='ltr'>modulate</span> <span class='ocrx_word' id='word_1_35' title='bbox 515 1035 548 1094; x_wconf 88' lang='lat' dir='ltr'>et</span> <span class='ocrx_word' id='word_1_36' title='bbox 559 1025 709 1106; x_wconf 88' lang='lat' dir='ltr'>dulciter,</span> <span class='ocrx_word' id='word_1_37' title='bbox 729 1051 746 1087; x_wconf 89' lang='lat'>»</span> <span class='ocrx_word' id='word_1_38' title='bbox 762 1025 904 1108; x_wconf 91' lang='lat' dir='ltr'>vacabat,</span> <span class='ocrx_word' id='word_1_39' title='bbox 924 1033 988 1094; x_wconf 90' lang='lat' dir='ltr'>tres</span> <span class='ocrx_word' id='word_1_40' title='bbox 1008 1027 1160 1095; x_wconf 87' lang='lat' dir='ltr'>Suetonii</span> <span class='ocrx_word' id='word_1_41' title='bbox 1176 1028 1219 1096; x_wconf 94' lang='lat' dir='ltr'>li-</span> 
     </span>
     <span class='ocr_line' id='line_1_7' title="bbox 140 1139 1219 1232; baseline -0.005 -17"><span class='ocrx_word' id='word_1_42' title='bbox 140 1146 228 1228; x_wconf 77' lang='lat' dir='ltr'>broS,</span> <span class='ocrx_word' id='word_1_43' title='bbox 244 1143 388 1232; x_wconf 90' lang='lat' dir='ltr'>quosille</span> <span class='ocrx_word' id='word_1_44' title='bbox 404 1141 444 1209; x_wconf 91' lang='lat' dir='ltr'>de</span> <span class='ocrx_word' id='word_1_45' title='bbox 456 1142 590 1229; x_wconf 87' lang='lat' dir='ltr'>regibus</span> <span class='ocrx_word' id='word_1_46' title='bbox 602 1139 704 1224; x_wconf 80' lang='lat' dir='ltr'>dedit,</span> <span class='ocrx_word' id='word_1_47' title='bbox 722 1142 757 1209; x_wconf 91' lang='lat' dir='ltr'>in</span> <span class='ocrx_word' id='word_1_48' title='bbox 773 1141 915 1230; x_wconf 81' lang='lat' dir='ltr'>epitome</span> <span class='ocrx_word' id='word_1_49' title='bbox 926 1148 1090 1229; x_wconf 80' lang='lat' dir='ltr'>coegerat,</span> <span class='ocrx_word' id='word_1_50' title='bbox 1106 1141 1219 1210; x_wconf 91' lang='lat' dir='ltr'>idem·</span> 
     </span>
     <span class='ocr_line' id='line_1_8' title="bbox 141 1255 1219 1350; baseline -0.004 -20"><span class='ocrx_word' id='word_1_51' title='bbox 141 1281 206 1350; x_wconf 88' lang='lat' dir='ltr'>que</span> <span class='ocrx_word' id='word_1_52' title='bbox 219 1279 336 1349; x_wconf 86' lang='lat' dir='ltr'>poema</span> <span class='ocrx_word' id='word_1_53' title='bbox 349 1257 491 1327; x_wconf 74' lang='lat' dir='ltr'>Ausonio</span> <span class='ocrx_word' id='word_1_54' title='bbox 501 1255 690 1340; x_wconf 88' lang='lat' dir='ltr'>tradiderat,</span> <span class='ocrx_word' id='word_1_55' title='bbox 709 1277 773 1345; x_wconf 91' lang='lat' dir='ltr'>quo</span> <span class='ocrx_word' id='word_1_56' title='bbox 785 1255 977 1344; x_wconf 79' lang='lat' dir='ltr'>exquisitius</span> <span class='ocrx_word' id='word_1_57' title='bbox 997 1257 1154 1327; x_wconf 88' lang='lat' dir='ltr'>universa</span> <span class='ocrx_word' id='word_1_58' title='bbox 1172 1259 1219 1327; x_wconf 90' lang='lat' dir='ltr'>li-</span> 
     </span>
     <span class='ocr_line' id='line_1_9' title="bbox 141 1369 1217 1461; baseline -0.002 -18"><span class='ocrx_word' id='word_1_59' title='bbox 141 1381 258 1457; x_wconf 87' lang='lat' dir='ltr'>maret,</span> <span class='ocrx_word' id='word_1_60' title='bbox 276 1392 313 1442; x_wconf 88' lang='lat' dir='ltr'>ac</span> <span class='ocrx_word' id='word_1_61' title='bbox 332 1393 496 1442; x_wconf 91' lang='lat' dir='ltr'>summam</span> <span class='ocrx_word' id='word_1_62' title='bbox 513 1369 941 1461; x_wconf 80' lang='lat' dir='ltr'>attingeretexpolitionem.</span> <span class='ocrx_word' id='word_1_63' title='bbox 967 1371 1060 1451; x_wconf 85' lang='lat' dir='ltr'>Quod</span> <span class='ocrx_word' id='word_1_64' title='bbox 1075 1393 1217 1443; x_wconf 89' lang='lat' dir='ltr'>carmen</span> 
     </span>
     <span class='ocr_line' id='line_1_10' title="bbox 137 1487 1219 1580; baseline -0.001 -21"><span class='ocrx_word' id='word_1_65' title='bbox 137 1489 432 1580; x_wconf 84' lang='lat' dir='ltr'>jucundissimum,</span> <span class='ocrx_word' id='word_1_66' title='bbox 447 1495 481 1556; x_wconf 91' lang='lat' dir='ltr'>et</span> <span class='ocrx_word' id='word_1_67' title='bbox 512 1515 528 1552; x_wconf 89' lang='lat'>«</span> <span class='ocrx_word' id='word_1_68' title='bbox 551 1487 644 1575; x_wconf 76' lang='lat' dir='ltr'>juxta</span> <span class='ocrx_word' id='word_1_69' title='bbox 663 1508 876 1556; x_wconf 90' lang='lat' dir='ltr'>romanorum</span> <span class='ocrx_word' id='word_1_70' title='bbox 896 1496 1093 1557; x_wconf 79' lang='lat' dir='ltr'>accentuum</span> <span class='ocrx_word' id='word_1_71' title='bbox 1117 1497 1219 1558; x_wconf 92' lang='lat' dir='ltr'>natu-</span> 
     </span>
     <span class='ocr_line' id='line_1_11' title="bbox 140 1603 1159 1693; baseline -0.003 -16"><span class='ocrx_word' id='word_1_72' title='bbox 140 1628 211 1677; x_wconf 90' lang='lat' dir='ltr'>ram</span> <span class='ocrx_word' id='word_1_73' title='bbox 232 1632 248 1668; x_wconf 88' lang='lat'>»</span> <span class='ocrx_word' id='word_1_74' title='bbox 267 1606 488 1687; x_wconf 88' lang='lat' dir='ltr'>enuntiatum,</span> <span class='ocrx_word' id='word_1_75' title='bbox 503 1605 647 1672; x_wconf 87' lang='lat' dir='ltr'>aNostro</span> <span class='ocrx_word' id='word_1_76' title='bbox 661 1603 751 1672; x_wconf 92' lang='lat' dir='ltr'>haud</span> <span class='ocrx_word' id='word_1_77' title='bbox 763 1606 874 1693; x_wconf 78' lang='lat' dir='ltr'>paucis</span> <span class='ocrx_word' id='word_1_78' title='bbox 887 1612 1019 1674; x_wconf 86' lang='lat' dir='ltr'>notatur</span> <span class='ocrx_word' id='word_1_79' title='bbox 1032 1606 1159 1675; x_wconf 85' lang='lat' dir='ltr'>verbis.</span> 
     </span>
    </p>

    <p class='ocr_par' dir='ltr' id='par_1_4' title="bbox 141 1720 1217 3547">
     <span class='ocr_line' id='line_1_12' title="bbox 186 1720 1216 1811; baseline -0.002 -20"><span class='ocrx_word' id='word_1_80' title='bbox 186 1722 318 1791; x_wconf 86' lang='lat' dir='ltr'>Duabus</span> <span class='ocrx_word' id='word_1_81' title='bbox 329 1722 413 1804; x_wconf 89' lang='lat' dir='ltr'>aliis,</span> <span class='ocrx_word' id='word_1_82' title='bbox 425 1721 589 1790; x_wconf 75' lang='lat' dir='ltr'>Ausonius</span> <span class='ocrx_word' id='word_1_83' title='bbox 604 1720 709 1788; x_wconf 90' lang='lat' dir='ltr'>amico</span> <span class='ocrx_word' id='word_1_84' title='bbox 720 1721 840 1808; x_wconf 81' lang='lat' dir='ltr'>gratias</span> <span class='ocrx_word' id='word_1_85' title='bbox 851 1721 918 1809; x_wconf 79' lang='lat' dir='ltr'>agit</span> <span class='ocrx_word' id='word_1_86' title='bbox 928 1720 1016 1810; x_wconf 90' lang='lat' dir='ltr'>quod</span> <span class='ocrx_word' id='word_1_87' title='bbox 1024 1722 1088 1811; x_wconf 91' lang='lat' dir='ltr'>ipsi</span> <span class='ocrx_word' id='word_1_88' title='bbox 1100 1724 1216 1791; x_wconf 88' lang='lat' dir='ltr'>oleum</span> 
     </span>
     <span class='ocr_line' id='line_1_13' title="bbox 141 1837 1214 1925; baseline -0.001 -18"><span class='ocrx_word' id='word_1_89' title='bbox 141 1838 243 1921; x_wconf 87' lang='lat' dir='ltr'>misit,</span> <span class='ocrx_word' id='word_1_90' title='bbox 283 1837 479 1925; x_wconf 89' lang='lat' dir='ltr'>munerique</span> <span class='ocrx_word' id='word_1_91' title='bbox 508 1839 625 1904; x_wconf 89' lang='lat' dir='ltr'>iterato</span> <span class='ocrx_word' id='word_1_92' title='bbox 653 1837 901 1906; x_wconf 87' lang='lat' dir='ltr'>Barcinonensis</span> <span class='ocrx_word' id='word_1_93' title='bbox 930 1837 1044 1904; x_wconf 88' lang='lat' dir='ltr'>muriae</span> <span class='ocrx_word' id='word_1_94' title='bbox 1063 1837 1214 1906; x_wconf 84' lang='lat' dir='ltr'>addidit</span> 
     </span>
     <span class='ocr_line' id='line_1_14' title="bbox 142 1952 1216 2043; baseline -0.001 -19"><span class='ocrx_word' id='word_1_95' title='bbox 142 1953 410 2036; x_wconf 82' lang='lat' dir='ltr'>condimentum;</span> <span class='ocrx_word' id='word_1_96' title='bbox 434 1959 516 2033; x_wconf 87' lang='lat' dir='ltr'>tum,</span> <span class='ocrx_word' id='word_1_97' title='bbox 533 1973 551 2019; x_wconf 93' lang='lat' dir='ltr'>a</span> <span class='ocrx_word' id='word_1_98' title='bbox 571 1952 706 2020; x_wconf 90' lang='lat' dir='ltr'>Paulino</span> <span class='ocrx_word' id='word_1_99' title='bbox 721 1952 921 2021; x_wconf 90' lang='lat' dir='ltr'>beneficium</span> <span class='ocrx_word' id='word_1_100' title='bbox 934 1954 1079 2042; x_wconf 79' lang='lat' dir='ltr'>exposcit</span> <span class='ocrx_word' id='word_1_101' title='bbox 1094 1955 1216 2043; x_wconf 84' lang='lat' dir='ltr'>singu-</span> 
     </span>
     <span class='ocr_line' id='line_1_15' title="bbox 142 2068 1216 2162; baseline -0.002 -22"><span class='ocrx_word' id='word_1_102' title='bbox 142 2072 220 2140; x_wconf 86' lang='lat' dir='ltr'>lare.</span> <span class='ocrx_word' id='word_1_103' title='bbox 244 2069 444 2138; x_wconf 86' lang='lat' dir='ltr'>Lucaniacus</span> <span class='ocrx_word' id='word_1_104' title='bbox 461 2068 563 2150; x_wconf 88' lang='lat' dir='ltr'>enim,</span> <span class='ocrx_word' id='word_1_105' title='bbox 579 2069 712 2137; x_wconf 74' lang='lat' dir='ltr'>Ausonii</span> <span class='ocrx_word' id='word_1_106' title='bbox 729 2069 815 2150; x_wconf 89' lang='lat' dir='ltr'>villa,</span> <span class='ocrx_word' id='word_1_107' title='bbox 837 2076 927 2137; x_wconf 86' lang='lat' dir='ltr'>tanta</span> <span class='ocrx_word' id='word_1_108' title='bbox 946 2091 1084 2138; x_wconf 76' lang='lat' dir='ltr'>annona</span> <span class='ocrx_word' id='word_1_109' title='bbox 1097 2071 1216 2162; x_wconf 88' lang='lat' dir='ltr'>inopia</span> 
     </span>
     <span class='ocr_line' id='line_1_16' title="bbox 142 2184 1215 2274; baseline 0.001 -20"><span class='ocrx_word' id='word_1_110' title='bbox 142 2184 320 2268; x_wconf 86' lang='lat' dir='ltr'>laborabat,</span> <span class='ocrx_word' id='word_1_111' title='bbox 359 2192 397 2253; x_wconf 94' lang='lat' dir='ltr'>ut</span> <span class='ocrx_word' id='word_1_112' title='bbox 421 2191 611 2274; x_wconf 88' lang='lat' dir='ltr'>procurator</span> <span class='ocrx_word' id='word_1_113' title='bbox 634 2184 749 2252; x_wconf 91' lang='lat' dir='ltr'>Philon</span> <span class='ocrx_word' id='word_1_114' title='bbox 781 2184 1002 2252; x_wconf 87' lang='lat' dir='ltr'>frumentariae</span> <span class='ocrx_word' id='word_1_115' title='bbox 1026 2186 1073 2253; x_wconf 92' lang='lat' dir='ltr'>rei</span> <span class='ocrx_word' id='word_1_116' title='bbox 1112 2206 1215 2255; x_wconf 92' lang='lat' dir='ltr'>causa</span> 
     </span>
     <span class='ocr_line' id='line_1_17' title="bbox 142 2299 1217 2394; baseline -0.002 -23"><span class='ocrx_word' id='word_1_117' title='bbox 142 2300 376 2394; x_wconf 88' lang='lat' dir='ltr'>prospiciendae</span> <span class='ocrx_word' id='word_1_118' title='bbox 403 2301 519 2369; x_wconf 91' lang='lat' dir='ltr'>Nostro</span> <span class='ocrx_word' id='word_1_119' title='bbox 539 2299 657 2368; x_wconf 90' lang='lat' dir='ltr'>fuisset</span> <span class='ocrx_word' id='word_1_120' title='bbox 685 2300 880 2369; x_wconf 88' lang='lat' dir='ltr'>mittendus.</span> <span class='ocrx_word' id='word_1_121' title='bbox 910 2301 967 2370; x_wconf 90' lang='lat' dir='ltr'>llic</span> <span class='ocrx_word' id='word_1_122' title='bbox 988 2321 1130 2384; x_wconf 77' lang='lat' dir='ltr'>mercae,</span> <span class='ocrx_word' id='word_1_123' title='bbox 1156 2323 1217 2392; x_wconf 88' lang='lat' dir='ltr'>per</span> 
     </span>
     <span class='ocr_line' id='line_1_18' title="bbox 143 2415 1211 2507; baseline -0.002 -20"><span class='ocrx_word' id='word_1_124' title='bbox 143 2438 237 2507; x_wconf 81' lang='lat' dir='ltr'>agros</span> <span class='ocrx_word' id='word_1_125' title='bbox 252 2416 397 2486; x_wconf 88' lang='lat' dir='ltr'>diversos</span> <span class='ocrx_word' id='word_1_126' title='bbox 411 2423 589 2506; x_wconf 65' lang='lat' dir='ltr'>coemptas</span> <span class='ocrx_word' id='word_1_127' title='bbox 608 2415 695 2506; x_wconf 91' lang='lat' dir='ltr'>apud</span> <span class='ocrx_word' id='word_1_128' title='bbox 709 2415 966 2505; x_wconf 78' lang='lat' dir='ltr'>Hebromagum,</span> <span class='ocrx_word' id='word_1_129' title='bbox 980 2415 1081 2507; x_wconf 92' lang='lat' dir='ltr'>(quod</span> <span class='ocrx_word' id='word_1_130' title='bbox 1093 2427 1211 2487; x_wconf 88' lang='lat' dir='ltr'>autem</span> 
     </span>
     <span class='ocr_line' id='line_1_19' title="bbox 144 2532 1217 2624; baseline 0.001 -22"><span class='ocrx_word' id='word_1_131' title='bbox 144 2534 270 2602; x_wconf 85' lang='lat' dir='ltr'>Paulini</span> <span class='ocrx_word' id='word_1_132' title='bbox 281 2542 349 2602; x_wconf 90' lang='lat' dir='ltr'>erat</span> <span class='ocrx_word' id='word_1_133' title='bbox 359 2532 545 2623; x_wconf 78' lang='lat' dir='ltr'>praedium),</span> <span class='ocrx_word' id='word_1_134' title='bbox 561 2553 715 2601; x_wconf 90' lang='lat' dir='ltr'>concesso</span> <span class='ocrx_word' id='word_1_135' title='bbox 729 2532 770 2599; x_wconf 91' lang='lat' dir='ltr'>ab</span> <span class='ocrx_word' id='word_1_136' title='bbox 789 2532 861 2620; x_wconf 86' lang='lat' dir='ltr'>ejus</span> <span class='ocrx_word' id='word_1_137' title='bbox 881 2532 1072 2602; x_wconf 92' lang='lat' dir='ltr'>hominibus</span> <span class='ocrx_word' id='word_1_138' title='bbox 1098 2535 1217 2624; x_wconf 90' lang='lat' dir='ltr'>bospi-</span> 
     </span>
     <span class='ocr_line' id='line_1_20' title="bbox 142 2646 1212 2737; baseline -0.006 -21"><span class='ocrx_word' id='word_1_139' title='bbox 142 2648 200 2732; x_wconf 93' lang='lat' dir='ltr'>tio,</span> <span class='ocrx_word' id='word_1_140' title='bbox 218 2646 423 2729; x_wconf 88' lang='lat' dir='ltr'>condiderat;</span> <span class='ocrx_word' id='word_1_141' title='bbox 441 2675 457 2710; x_wconf 89' lang='lat'>«</span> <span class='ocrx_word' id='word_1_142' title='bbox 470 2646 647 2714; x_wconf 91' lang='lat' dir='ltr'>immature</span> <span class='ocrx_word' id='word_1_143' title='bbox 667 2667 743 2716; x_wconf 86' lang='lat' dir='ltr'>vero</span> <span class='ocrx_word' id='word_1_144' title='bbox 768 2648 1011 2736; x_wconf 88' lang='lat' dir='ltr'>periclitabatur</span> <span class='ocrx_word' id='word_1_145' title='bbox 1032 2649 1176 2737; x_wconf 82' lang='lat' dir='ltr'>expelli:</span> <span class='ocrx_word' id='word_1_146' title='bbox 1196 2676 1212 2711; x_wconf 72' lang='lat' dir='ltr'>a</span> 
     </span>
     <span class='ocr_line' id='line_1_21' title="bbox 143 2761 1214 2854; baseline -0.005 -20"><span class='ocrx_word' id='word_1_147' title='bbox 143 2761 232 2854; x_wconf 89' lang='lat' dir='ltr'>quod</span> <span class='ocrx_word' id='word_1_148' title='bbox 252 2762 444 2844; x_wconf 85' lang='lat' dir='ltr'>formidans,</span> <span class='ocrx_word' id='word_1_149' title='bbox 471 2763 636 2830; x_wconf 79' lang='lat' dir='ltr'>Ausonius</span> <span class='ocrx_word' id='word_1_150' title='bbox 657 2763 803 2831; x_wconf 90' lang='lat' dir='ltr'>amicum</span> <span class='ocrx_word' id='word_1_151' title='bbox 822 2763 926 2832; x_wconf 83' lang='lat' dir='ltr'>facete</span> <span class='ocrx_word' id='word_1_152' title='bbox 955 2771 989 2831; x_wconf 88' lang='lat' dir='ltr'>et</span> <span class='ocrx_word' id='word_1_153' title='bbox 1005 2763 1214 2852; x_wconf 81' lang='lat' dir='ltr'>perjucunda</span> 
     </span>
     <span class='ocr_line' id='line_1_22' title="bbox 143 2878 1209 2970; baseline -0.003 -20"><span class='ocrx_word' id='word_1_154' title='bbox 143 2887 247 2970; x_wconf 81' lang='lat' dir='ltr'>rogat,</span> <span class='ocrx_word' id='word_1_155' title='bbox 270 2887 309 2948; x_wconf 93' lang='lat' dir='ltr'>ut</span> <span class='ocrx_word' id='word_1_156' title='bbox 331 2886 364 2948; x_wconf 88' lang='lat' dir='ltr'>et</span> <span class='ocrx_word' id='word_1_157' title='bbox 381 2900 472 2947; x_wconf 90' lang='lat' dir='ltr'>mora</span> <span class='ocrx_word' id='word_1_158' title='bbox 495 2878 665 2947; x_wconf 90' lang='lat' dir='ltr'>habitandi</span> <span class='ocrx_word' id='word_1_159' title='bbox 684 2878 725 2946; x_wconf 97' lang='lat' dir='ltr'>ad</span> <span class='ocrx_word' id='word_1_160' title='bbox 740 2878 952 2947; x_wconf 91' lang='lat' dir='ltr'>commodum</span> <span class='ocrx_word' id='word_1_161' title='bbox 972 2900 1071 2948; x_wconf 90' lang='lat' dir='ltr'>suum</span> <span class='ocrx_word' id='word_1_162' title='bbox 1086 2880 1209 2949; x_wconf 91' lang='lat' dir='ltr'>Philon</span> 
     </span>
     <span class='ocr_line' id='line_1_23' title="bbox 143 2995 1205 3086; baseline -0.003 -19"><span class='ocrx_word' id='word_1_163' title='bbox 143 3005 265 3080; x_wconf 85' lang='lat' dir='ltr'>utatur,</span> <span class='ocrx_word' id='word_1_164' title='bbox 283 3004 316 3066; x_wconf 89' lang='lat' dir='ltr'>et</span> <span class='ocrx_word' id='word_1_165' title='bbox 326 3016 440 3078; x_wconf 87' lang='lat' dir='ltr'>nauso,</span> <span class='ocrx_word' id='word_1_166' title='bbox 456 2995 557 3064; x_wconf 88' lang='lat' dir='ltr'>aliave</span> <span class='ocrx_word' id='word_1_167' title='bbox 574 2996 775 3083; x_wconf 86' lang='lat' dir='ltr'>quavisnave</span> <span class='ocrx_word' id='word_1_168' title='bbox 785 3016 890 3084; x_wconf 91' lang='lat' dir='ltr'>usque</span> <span class='ocrx_word' id='word_1_169' title='bbox 901 2995 942 3063; x_wconf 91' lang='lat' dir='ltr'>ad</span> <span class='ocrx_word' id='word_1_170' title='bbox 949 2995 1106 3086; x_wconf 92' lang='lat' dir='ltr'>oppidum</span> <span class='ocrx_word' id='word_1_171' title='bbox 1118 3017 1205 3086; x_wconf 82' lang='lat' dir='ltr'>prae-</span> 
     </span>
     <span class='ocr_line' id='line_1_24' title="bbox 142 3111 1210 3202; baseline -0.001 -20"><span class='ocrx_word' id='word_1_172' title='bbox 142 3115 220 3197; x_wconf 90' lang='lat' dir='ltr'>bita,</span> <span class='ocrx_word' id='word_1_173' title='bbox 252 3113 357 3202; x_wconf 83' lang='lat' dir='ltr'>frugis</span> <span class='ocrx_word' id='word_1_174' title='bbox 384 3113 627 3202; x_wconf 88' lang='lat' dir='ltr'>aliquantulum</span> <span class='ocrx_word' id='word_1_175' title='bbox 662 3112 883 3181; x_wconf 91' lang='lat' dir='ltr'>Lucaniacum</span> <span class='ocrx_word' id='word_1_176' title='bbox 907 3111 1070 3182; x_wconf 90' lang='lat' dir='ltr'>advehere</span> <span class='ocrx_word' id='word_1_177' title='bbox 1086 3114 1210 3202; x_wconf 89' lang='lat' dir='ltr'>possit.</span> 
     </span>
     <span class='ocr_line' id='line_1_25' title="bbox 144 3228 1214 3320; baseline -0.002 -22"><span class='ocrx_word' id='word_1_178' title='bbox 144 3228 1214 3320; x_wconf 86' lang='lat' dir='ltr'>Philonvero,canus,oomosus,hispidus,trur,attubus,Teren-</span> 
     </span>
     <span class='ocr_line' id='line_1_26' title="bbox 143 3344 1210 3436; baseline 0.001 -22"><span class='ocrx_word' id='word_1_179' title='bbox 143 3345 251 3416; x_wconf 90' lang='lat' dir='ltr'>tianus</span> <span class='ocrx_word' id='word_1_180' title='bbox 264 3347 428 3430; x_wconf 91' lang='lat' dir='ltr'>Phormio,</span> <span class='ocrx_word' id='word_1_181' title='bbox 437 3347 719 3436; x_wconf 88' lang='lat' dir='ltr'>horrenscapillis,</span> <span class='ocrx_word' id='word_1_182' title='bbox 727 3346 839 3434; x_wconf 89' lang='lat' dir='ltr'>jocose</span> <span class='ocrx_word' id='word_1_183' title='bbox 853 3354 886 3413; x_wconf 91' lang='lat' dir='ltr'>et</span> <span class='ocrx_word' id='word_1_184' title='bbox 899 3345 1077 3415; x_wconf 88' lang='lat' dir='ltr'>scurriliter</span> <span class='ocrx_word' id='word_1_185' title='bbox 1084 3344 1210 3415; x_wconf 88' lang='lat' dir='ltr'>descri-</span> 
     </span>
     <span class='ocr_line' id='line_1_27' title="bbox 147 3461 1007 3547; baseline -0.005 -15"><span class='ocrx_word' id='word_1_186' title='bbox 147 3461 247 3532; x_wconf 90' lang='lat' dir='ltr'>bitur.</span> <span class='ocrx_word' id='word_1_187' title='bbox 265 3464 349 3543; x_wconf 84' lang='lat' dir='ltr'>Quot</span> <span class='ocrx_word' id='word_1_188' title='bbox 361 3462 472 3547; x_wconf 87' lang='lat' dir='ltr'>villici,</span> <span class='ocrx_word' id='word_1_189' title='bbox 492 3471 525 3532; x_wconf 91' lang='lat' dir='ltr'>et</span> <span class='ocrx_word' id='word_1_190' title='bbox 544 3470 655 3532; x_wconf 87' lang='lat' dir='ltr'>nostra</span> <span class='ocrx_word' id='word_1_191' title='bbox 675 3469 781 3546; x_wconf 83' lang='lat' dir='ltr'>aetate,</span> <span class='ocrx_word' id='word_1_192' title='bbox 800 3463 869 3532; x_wconf 86' lang='lat' dir='ltr'>baec</span> <span class='ocrx_word' id='word_1_193' title='bbox 886 3462 1007 3531; x_wconf 86' lang='lat' dir='ltr'>verba:</span> 
     </span>
    </p>
   </div>
   <div class='ocr_carea' id='block_1_3' title="bbox 285 3660 1043 3838">
    <p class='ocr_par' dir='ltr' id='par_1_5' title="bbox 285 3660 1043 3838">
     <span class='ocr_line' id='line_1_28' title="bbox 333 3660 1043 3734; baseline -0.003 -14.127"><span class='ocrx_word' id='word_1_194' title='bbox 333 3665 373 3721; x_wconf 85' lang='lat' dir='ltr'>Ac</span> <span class='ocrx_word' id='word_1_195' title='bbox 392 3663 473 3722; x_wconf 88' lang='lat' dir='ltr'>lucra</span> <span class='ocrx_word' id='word_1_196' title='bbox 487 3663 611 3734; x_wconf 89' lang='lat' dir='ltr'>damnis,</span> <span class='ocrx_word' id='word_1_197' title='bbox 626 3663 734 3720; x_wconf 89' lang='lat' dir='ltr'>damna</span> <span class='ocrx_word' id='word_1_198' title='bbox 747 3665 865 3719; x_wconf 85' lang='lat' dir='ltr'>mutans</span> <span class='ocrx_word' id='word_1_199' title='bbox 883 3660 1043 3731; x_wconf 79' lang='lat' dir='ltr'>fraudibus,</span> 
     </span>
     <span class='ocr_line' id='line_1_29' title="bbox 285 3762 687 3838; baseline -0.002 -17"><span class='ocrx_word' id='word_1_200' title='bbox 285 3763 321 3821; x_wconf 88' lang='lat' dir='ltr'>Sa</span> <span class='ocrx_word' id='word_1_201' title='bbox 335 3762 409 3820; x_wconf 87' lang='lat' dir='ltr'>ditat</span> <span class='ocrx_word' id='word_1_202' title='bbox 419 3766 449 3820; x_wconf 89' lang='lat' dir='ltr'>et</span> <span class='ocrx_word' id='word_1_203' title='bbox 464 3779 510 3821; x_wconf 89' lang='lat' dir='ltr'>me</span> <span class='ocrx_word' id='word_1_204' title='bbox 524 3763 687 3838; x_wconf 80' lang='lat' dir='ltr'>pauperati</span> 
     </span>
    </p>
   </div>
   <div class='ocr_carea' id='block_1_4' title="bbox 143 3937 1209 4145">
    <p class='ocr_par' dir='ltr' id='par_1_6' title="bbox 143 3937 1209 4145">
     <span class='ocr_line' id='line_1_30' title="bbox 143 3937 769 4036; baseline -0.024 -16"><span class='ocrx_word' id='word_1_205' title='bbox 143 3947 184 4019; x_wconf 90' lang='lat' dir='ltr'>ad</span> <span class='ocrx_word' id='word_1_206' title='bbox 202 3941 418 4036; x_wconf 87' lang='lat' dir='ltr'>sepertinere</span> <span class='ocrx_word' id='word_1_207' title='bbox 433 3941 541 4011; x_wconf 82' lang='lat' dir='ltr'>uerius</span> <span class='ocrx_word' id='word_1_208' title='bbox 559 3937 769 4008; x_wconf 86' lang='lat' dir='ltr'>existiment!</span> 
     </span>
     <span class='ocr_line' id='line_1_31' title="bbox 186 4052 1209 4145; baseline -0.01 -10"><span class='ocrx_word' id='word_1_209' title='bbox 186 4066 263 4135; x_wconf 82' lang='lat' dir='ltr'>Tres</span> <span class='ocrx_word' id='word_1_210' title='bbox 278 4082 354 4132; x_wconf 83' lang='lat' dir='ltr'>uero</span> <span class='ocrx_word' id='word_1_211' title='bbox 369 4056 553 4128; x_wconf 80' lang='lat' dir='ltr'>novissima</span> <span class='ocrx_word' id='word_1_212' title='bbox 564 4054 605 4125; x_wconf 91' lang='lat' dir='ltr'>ad</span> <span class='ocrx_word' id='word_1_213' title='bbox 624 4056 799 4125; x_wconf 89' lang='lat' dir='ltr'>Paulinum</span> <span class='ocrx_word' id='word_1_214' title='bbox 816 4052 942 4145; x_wconf 87' lang='lat' dir='ltr'>scriptae</span> <span class='ocrx_word' id='word_1_215' title='bbox 955 4052 1099 4145; x_wconf 78' lang='lat' dir='ltr'>epistola</span> <span class='ocrx_word' id='word_1_216' title='bbox 1116 4054 1209 4125; x_wconf 89' lang='lat' dir='ltr'>haud</span> 
     </span>
    </p>
   </div>
   <div class='ocr_carea' id='block_1_5' title="bbox 0 0 1372 4920">
    <p class='ocr_par' dir='ltr' id='par_1_7' title="bbox 0 0 1372 4920">
     <span class='ocr_line' id='line_1_32' title="bbox 0 0 1372 4920; baseline 0 0"><span class='ocrx_word' id='word_1_217' title='bbox 0 0 1372 4920; x_wconf 95' lang='lat' dir='ltr'> </span> 
     </span>
    </p>
   </div>
  </div>
 </body>
</html>
