2730 4926
439 1029 613 1109 CAPUT
641 1030 894 1113 TERTIUM.

484 1305 521 1352 ult
544 1304 663 1352 susouu
686 1305 842 1354 onustans.

517 1617 539 1674 l.
557 1618 805 1676 rraelatiuneulae.

180 1875 339 1965 Operibus
349 1874 484 1942 Ausonii
494 1874 789 1943 inscribunturtres
794 1876 1199 1965 prefatiunculaautlit-

133 2001 210 2061 torae
223 1990 264 2059 ad
277 1990 496 2058 Theodosium
507 1991 694 2077 Augustum
705 1993 917 2079 etSyagrium
933 2001 966 2059 et
978 1995 1130 2061 Latinum
1139 1995 1196 2061 Pa·

134 2118 244 2177 oatum
256 2107 457 2196 Drepanium
465 2107 675 2174 missaeNihil
685 2127 760 2175 vero
771 2107 953 2175 notandum
961 2109 1193 2197 forepraebent.

131 2225 169 2292 ln
188 2205 295 2314 prima
307 2224 506 2311 enimpoeta
518 2223 626 2311 ipsum
642 2223 795 2303 scrihere,
811 2225 958 2309 Augusto
966 2224 1117 2312 jubente,
1134 2246 1194 2293 nos

135 2348 250 2409 monet
265 2362 272 2408 :
289 2359 348 2428 per
363 2339 451 2406 illam
462 2359 657 2428 responsum
677 2338 849 2406 Theodosii
865 2339 981 2407 litteris
1006 2338 1114 2406 forsan
1138 2338 1194 2408 de-

133 2456 192 2539 dit,
211 2455 333 2544 quibus
345 2455 532 2544 imperator,
554 2454 684 2544 privatae
710 2454 850 2521 caritatis
862 2453 949 2542 jure,
968 2455 1008 2522 ab
1028 2475 1065 2522 eo
1082 2476 1194 2523 arnan·

130 2581 181 2640 ter
194 2572 413 2661 postulaverat
432 2591 474 2639 ne
484 2570 678 2659 scriptorum
693 2570 796 2659 ipsius
811 2570 950 2639 lectione
976 2570 1191 2654 fraudaretur,

133 2708 338 2778 operumque
357 2665 507 2755 nondum
520 2687 555 2755 in
582 2687 690 2754 lucem
705 2686 868 2755 editorum
884 2688 1003 2755 seriem
1030 2686 1194 2756 desidera-

131 2813 233 2878 verat.
249 2844 293 2856 -
309 2808 346 2872 ln
362 2803 517 2887 soounda,
534 2805 698 2872 Ausonius
717 2824 782 2892 qua
797 2805 898 2893 stirpe
913 2813 1009 2872 natus
1025 2804 1080 2886 sit,
1105 2825 1192 2891 quae-

130 2942 199 3011 que
222 2919 349 2989 diversa
367 2922 485 2990 obierit
506 2941 655 3002 munera,
679 2920 830 2988 celeriter
850 2927 989 2987 enarrat.
1021 2958 1064 2968 —
1087 2919 1192 2986 Tertia

128 3057 206 3107 uero
221 3036 470 3106 iestisvisimum
490 3056 634 3118 oarmen,
653 3056 716 3123 quo
734 3056 846 3104 versus
860 3043 956 3124 poeta
970 3035 1074 3103 amioo
1091 3034 1188 3102 dieat.

516 3269 554 3326 11.
574 3269 798 3340 Epigrammata.

174 3475 337 3559 Secundo,
354 3475 541 3544 reseruntur
551 3474 797 3564 epiqrammato
807 3472 891 3561 ejur,
904 3481 1037 3540 eentum
1049 3479 1082 3540 et
1093 3473 1188 3561 quin-

127 3593 289 3682 quaginta
304 3591 549 3660 adnumerum.
570 3590 578 3628 ¹
598 3588 762 3656 Nonnulla
784 3589 870 3656 inter
890 3590 960 3655 haeo
972 3587 1098 3674 ingenii
1114 3608 1188 3654 aou·

160 3775 181 3821 l.
200 3769 342 3821 Nonnulla
362 3767 456 3818 Nostri
472 3780 541 3831 opus
562 3767 706 3829 negantur.
722 3763 756 3827 (R
768 3763 873 3827 Peiper‚
889 3763 936 3812 Dte
956 3761 1189 3824 londsotriftliclte

130 3850 326 3916 Ubertieferonq
339 3849 382 3900 des
400 3848 529 3898 Ausonios
545 3846 655 3910 Lipsiae,
672 3847 740 3904 tots,
765 3860 792 3910 p.
808 3846 853 3894 226
868 3857 928 3907 sqq.
950 3870 980 3879 -
996 3842 1035 3893 Gt.
1054 3843 1188 3894 Reinhold

113 3970 116 3974 -
127 3932 302 3990 Dezeimeris,
313 3930 473 3980 corrections
487 3930 512 3978 et
521 3939 668 3992 remor-ques
678 3940 724 3975 sor
736 3925 759 3974 le
771 3922 878 3976 tartede
889 3923 973 3973 divers
984 3925 1098 3983 auteurs,
1112 3925 1138 3973 3θ
1149 3930 1189 3974 s'e·

126 4012 176 4070 rio,
192 4025 221 4076 p.
239 4012 277 4069 ¹1⁰.
294 4013 356 4061 note
373 4012 395 4066 l.
412 4009 481 4066 1833,
497 4006 651 4066 Bordeaux,
667 4006 782 4057 Faretat
795 4005 847 4060 fila.
864 4003 930 4054 -C
955 4005 986 4055 0.
1011 4004 1072 4062 Aut,
1094 4004 1188 4068 (Quaes-

128 4090 209 4143 tionea
222 4089 388 4151 almoniam,
401 4088 511 4152 Lipsiae,
526 4085 611 4150 1813.)
