2730 4926
597 390 773 459 ..70-

196 560 411 632 Everborum
424 567 565 644 tumore,
585 558 868 650 quemadmodum
883 562 967 634 solet
999 563 1085 648 ficri,
1111 564 1223 654 sequi-

152 685 205 747 tur
224 683 262 746 ut
275 675 444 745 sententiaa
460 675 579 766 sepius
593 675 803 764 negligantur
818 685 851 746 et
875 678 1113 765 obscurentur;
1131 680 1222 751 idem

152 810 283 880 quoque
294 810 331 860 ex
344 789 409 858 illis
433 787 621 858 difficilibus
646 790 745 878 nugis
774 791 1061 882 tenebricosisque
1085 815 1222 883 poema-

150 903 251 987 tibus,
268 925 353 993 quae,
369 902 518 972 inscitius
542 901 724 991 duriusque
739 902 836 988 dicta,
864 905 1041 994 quamdam
1061 898 1220 978 orationis

149 1021 370 1111 inexplicitam
389 1018 616 1088 difficultatem
631 1019 787 1108 produnt.

194 1137 298 1217 Quam
319 1138 448 1207 affectat
471 1135 610 1206 eruditio
628 1137 764 1206 tedium
787 1159 920 1227 quoque
945 1139 1073 1228 legenti
1097 1142 1220 1231 saepius

150 1256 254 1338 affert,
272 1275 348 1324 cum
366 1253 518 1344 Jejunam
543 1254 715 1323 materiam
734 1275 949 1324 numerorum
966 1256 1129 1326 suavitate
1155 1280 1221 1327 non

149 1370 280 1440 condiat
299 1392 307 1439 :
325 1368 413 1460 quod
436 1368 471 1437 in
487 1368 565 1437 ludo
587 1383 711 1461 septem
732 1369 932 1462 sapientium
960 1378 994 1441 et
1012 1372 1047 1439 in
1063 1372 1139 1443 aliis
1153 1395 1221 1444 car-

149 1487 294 1556 minibus
308 1486 504 1577 perscrutari
521 1486 609 1555 licet.

193 1605 276 1672 Cum
289 1605 350 1672 hac
368 1601 481 1672 fucosa
496 1608 530 1671 et
544 1602 682 1671 obscura
700 1603 888 1691 eloquentia
902 1603 963 1671 alii
990 1604 1074 1674 naevi
1100 1606 1218 1676 arctis·

148 1719 232 1788 sime
247 1719 423 1787 sociantur.
441 1718 576 1786 Ausonii
592 1718 681 1786 enim
701 1738 798 1808 opera
813 1719 986 1808 permultis
1013 1719 1122 1789 verbis
1141 1723 1220 1792 hinc

147 1834 225 1902 inde
245 1834 398 1925 adspersa
418 1841 507 1916 sunt,
536 1854 608 1922 quac
627 1833 821 1902 barbarismi
837 1835 981 1924 speciem
995 1836 1135 1920 habent,
1159 1845 1216 1906 aut

147 1950 240 2019 latini
263 1949 397 2040 puritati
426 1950 586 2019 sermonis
612 1951 749 2019 minime
777 1951 988 2034 conveniunt,
1019 1959 1052 2020 et
1080 1975 1171 2042 quae,
1203 1977 1221 2024 a

147 2066 241 2135 bonis
266 2065 477 2156 scriptoribus
495 2086 668 2154 nunquam
695 2073 861 2156 usurpata,
878 2067 1022 2137 nonnisi
1040 2089 1058 2136 a
1075 2068 1220 2140 rudibus

146 2181 353 2271 indoctisque
367 2182 559 2251 hominibus
570 2183 740 2251 enuntiata
754 2182 900 2251 fuerunt.
919 2181 1012 2275 Quod
1026 2183 1117 2253 haud
1129 2206 1221 2274 aegre

146 2295 372 2380 ostendemus,
390 2298 417 2366 si
432 2297 467 2367 in
481 2299 542 2366 hac
559 2297 743 2367 disserendi
767 2298 892 2366 ratione
914 2297 1049 2367 Andrcae
1070 2299 1217 2385 Memor,

144 2410 431 2502 Aquisgranensis,
464 2412 504 2482 de
529 2413 664 2482 Ausonii
692 2415 814 2503 genere
839 2413 970 2482 dicendi
990 2416 1221 2504 quastiones¹

146 2527 287 2597 breviter
308 2527 578 2612 contraxerimus,
614 2548 695 2618 quas
709 2549 785 2598 curn
809 2530 905 2599 tertio
922 2531 958 2630 (1.
984 2530 1131 2600 Schenkl
1149 2531 1219 2602 edi·

145 2643 243 2714 tionis
258 2643 367 2714 indice
382 2645 394 2686 ²
409 2643 523 2714 sedulo
538 2665 807 2734 recognocemus.

188 2877 230 2949 ll.
251 2916 295 2930 -
313 2878 357 2947 dc
378 2876 535 2968 primurn,
562 2878 714 2949 novitatis
743 2881 908 2949 Ausonius
934 2879 1103 2950 studiosus
1131 2891 1215 2952 erat.

144 2996 230 3064 Nova
245 2995 407 3084 permulta
420 2994 588 3079 vocabula,
618 3015 728 3085 neque
749 3018 821 3065 raro
845 3017 945 3066 novas
965 3017 1081 3067 corum
1097 2999 1217 3069 termi-

143 3110 292 3181 nationes
304 3110 410 3195 finuit,
427 3111 518 3181 nulla
535 3111 612 3181 licet
626 3112 820 3183 necessitate
835 3121 1019 3203 cogeretur.

188 3227 276 3297 luter
294 3228 461 3311 vocabula,
494 3249 567 3318 quae
587 3230 756 3319 usurpavit
778 3229 954 3313 Ausonius,
985 3232 1054 3299 haec
1077 3250 1215 3323 compo-

144 3343 264 3423 nenda,
282 3352 315 3412 et
328 3343 636 3429 notandamauime,
654 3367 728 3415 mea
741 3345 876 3435 quidem
891 3347 1072 3415 sententia:

189 3464 222 3528 l⁰
235 3458 464 3528 Substantiva.
482 3500 523 3511 -
538 3463 727 3531 constrator
742 3459 888 3551 (techn,
913 3461 953 3530 de
969 3461 1051 3545 deis,
1076 3463 1146 3556 12).
1170 3503 1214 3518 -

142 3574 359 3645 Edissertator
374 3573 455 3666 (sap.
473 3578 570 3666 prol,
592 3577 659 3668 33).
684 3616 727 3627 —
748 3578 920 3646 llanamen
944 3577 1052 3667 (ldyll.
1074 3580 1115 3662 ll,
1141 3581 1212 3674 32).

143 3691 357 3762 -Semidies
374 3693 497 3782 (Eclog.
515 3692 632 3762 derat.
649 3693 747 3776 dien,
765 3697 802 3776 53
824 3693 904 3763 ibid.
924 3693 964 3762 de
984 3701 1045 3762 rat.
1069 3697 1150 3765 sole.
1170 3700 1212 3782 l.,

142 3807 188 3900 2).
206 3847 249 3861 -
271 3809 470 3900 semipuella
498 3809 605 3899 (ldyll.
626 3812 681 3894 111,
705 3808 773 3900 21).
796 3810 1078 3900 —Saturnigena
1099 3811 1212 3905 (ldyll.

174 3990 197 4039 t.
215 3986 376 4051 Menoeten,
391 3987 648 4042 MDGCGLXXIII.

172 4071 196 4122 2.
213 4067 344 4131 Berclini,
358 4069 431 4136 apud
442 4069 650 4134 Weidmannos,
667 4069 947 4124 MDGGCLXXXIII.
