2730 4926
565 379 720 436 -3..

111 543 160 611 vel
180 541 216 608 in
246 539 374 628 agendo
393 539 558 606 solertiam
586 539 777 627 accepisset,
795 548 826 606 et
858 559 929 607 sese
953 542 1117 608 honorum
1142 564 1179 610 ac

111 658 222 747 gloriae
239 655 489 746 cupidissimum
505 655 675 744 praeberet,
693 694 736 704 -
752 664 823 722 tum
839 667 991 723 constans
1010 677 1174 744 sagaxque

111 771 315 842 consuetudo
343 773 578 860 imperatorum
598 771 655 859 qui
682 770 868 860 disciplinas
893 772 927 838 in
956 773 1016 840 hac
1039 774 1174 861 regione

110 889 323 976 singulariter
338 897 506 970 auxerant,
532 896 564 955 et
584 887 698 954 multis
715 887 885 955 beneficiis
900 888 987 956 illius
1003 890 1175 977 gymnasia

111 1006 299 1085 affecerant,
314 1005 434 1092 quibus
451 1003 626 1086 decausis,
643 1004 734 1071 hisce
749 1004 963 1092 temporibus,
982 1005 1098 1073 litteris
1122 1026 1176 1073 er-

109 1121 264 1190 oelluerit
280 1121 393 1201 Gallia,
411 1121 504 1189 facile
517 1129 690 1188 testantur.
707 1119 785 1187 lnde
800 1121 935 1188 Ausonii
947 1129 1049 1210 pater,
1065 1122 1122 1208 qui
1140 1121 1175 1188 in

111 1237 260 1327 quolibet
269 1236 515 1325 disciplinarum
532 1256 653 1323 genere
669 1236 857 1304 versabatur
875 1238 1174 1320 exercitatissimus

111 1374 179 1421 non
195 1354 222 1421 is
238 1360 307 1420 erat
327 1354 382 1440 qui
402 1353 507 1420 filium
521 1352 705 1420 liberalium
718 1351 902 1420 studiorum
919 1352 1035 1420 rudem
1051 1361 1176 1440 patere-

110 1478 176 1537 tur.
198 1471 318 1536 Natum
341 1469 443 1556 igitur
466 1489 565 1537 suum
591 1473 639 1535 AE.
658 1470 699 1535 M.
732 1470 880 1548 Arboris,
903 1469 1055 1556 conjugis
1070 1469 1173 1550 fratri,

112 1584 170 1673 qui
200 1585 395 1652 rhetoricam
414 1595 516 1652 artem
533 1606 663 1653 summa
679 1585 764 1651 fama
780 1585 938 1666 tradebat,
958 1583 1175 1653 erudiendum

113 1699 266 1769 credidit.
286 1700 406 1782 Primo,
428 1702 544 1769 Noster
564 1699 850 1788 burdigalensium
879 1701 1101 1790 professorum
1120 1721 1178 1767 au·

113 1815 200 1884 ditor
223 1817 335 1885 evasit.
360 1816 492 1904 Utrique
507 1817 630 1904 linguae
652 1817 847 1899 ediscenda,
880 1838 991 1905 graecae
1009 1816 1177 1885 scilicetet

112 1933 233 2015 latinae,
249 1942 286 2000 ut
300 1953 371 2000 mos
383 1942 463 2015 erat,
480 1934 641 2001 incubuit.
661 1933 765 2012 Quem
781 1934 941 2001 Macrinus
952 1935 1100 2016 latinam,
1119 1935 1177 2001 (lo-

113 2049 254 2117 rinthius
270 2070 345 2117 vero
368 2057 401 2117 et
419 2051 594 2138 sperchius
622 2050 827 2137 grammatici
846 2052 965 2118 Atticas
992 2052 1099 2118 blusas
1120 2070 1178 2119 uo·

109 2185 230 2252 cosque
237 2185 357 2252 graecas
371 2164 585 2244 edocuerunt,
602 2164 671 2247 sed,
687 2174 721 2232 ut
731 2166 851 2233 fatetur
865 2167 935 2254 ipse
949 2176 1057 2255 poeta,
1075 2193 1091 2228 (ι
1106 2164 1177 2234 sine

113 2280 206 2348 cultu
242 2333 249 2348 .
269 2308 285 2342 »
303 2281 352 2348 Ad
367 2282 562 2368 eloquentiae
576 2281 723 2349 studium
744 2302 820 2348 mox
852 2301 925 2349 sese
945 2281 1115 2362 convertit,
1130 2289 1177 2347 at-

114 2416 178 2484 que
194 2396 235 2462 ad
264 2396 354 2464 illam
379 2417 456 2464 eum
486 2399 627 2464 maxime
646 2397 834 2464 informavit
855 2398 890 2464 T.
920 2397 955 2464 V.
985 2397 1173 2478 Minervius,

114 2532 213 2599 quem
232 2512 396 2580 Ausonius
416 2514 462 2581 sic
485 2513 662 2601 alloquitur
690 2534 697 2580 :
719 2541 735 2576 a
767 2514 848 2581 altar
866 2514 1034 2581 rhetoricae
1050 2513 1177 2591 Quinti-

112 2627 198 2694 liane
214 2635 310 2715 togae.
339 2655 355 2689 »
383 2627 527 2695 Tandem
547 2629 587 2696 ab
617 2631 777 2698 avunculo
801 2631 935 2698 Arborio
962 2630 1123 2710 Tolosam,
1141 2631 1176 2697 in

113 2763 178 2830 qua
193 2741 346 2811 docentes
374 2743 592 2833 discipulique
608 2752 675 2812 tam
691 2745 808 2813 acriter
827 2755 860 2813 et
875 2748 1027 2835 praeclare
1058 2745 1176 2815 studiis

113 2858 280 2940 vacabant,
298 2867 334 2925 ut
347 2859 494 2927 Palladia
511 2880 695 2946 cognomen
706 2862 827 2930 civitati
844 2863 959 2930 luisset
970 2864 1174 2952 impositum,

114 2974 288 3041 arcessitus
304 2974 377 3041 fuit.
394 2977 433 3041 In
448 2977 508 3042 hac
524 2974 605 3043 urbe
625 2976 795 3045 liberalem
811 2978 1053 3045 institutionem
1071 2979 1178 3068 perfe—
1226 3025 1228 3029 -

115 3088 171 3170 cit,
182 3089 318 3177 jamjam
334 3090 426 3178 poesi
445 3092 993 3180 philosophicisquecontroversiis,
1012 3102 1045 3162 et
1060 3093 1177 3163 dialec-

115 3203 187 3271 tiois
203 3203 384 3272 rationibus
400 3226 436 3274 ac
455 3206 600 3275 scientiis
617 3207 858 3276 mathematicis
878 3209 1040 3277 eruditus.

160 3320 242 3388 Tum
271 3320 380 3387 forum
410 3323 606 3404 celebravit;
635 3345 710 3391 mox
739 3333 850 3392 autem
880 3324 943 3413 ipsi
977 3345 1076 3413 quem
1107 3346 1177 3391 am-

114 3435 248 3504 bitionis
259 3436 412 3506 stimulus
419 3439 584 3521 incitabat,
593 3441 676 3509 nihil
687 3440 825 3508 docendi
838 3462 915 3508 cura
927 3441 1093 3528 antiquius
1102 3440 1175 3508 luit.

117 3552 179 3618 Per
194 3551 319 3621 litteras
339 3554 428 3621 enim
444 3555 629 3644 reipublicae
652 3576 789 3624 munera
804 3557 969 3645 suscipere
981 3553 1179 3643 jamdudum

116 3666 203 3735 soliti
226 3677 329 3736 erant.
356 3668 449 3747 Quod
471 3679 503 3737 et
531 3680 669 3739 testatur
692 3673 907 3760 Symmachus
934 3672 1017 3761 ipse,
1040 3672 1178 3741 dicens:

119 3810 136 3846 «ι
152 3783 219 3852 lter
236 3781 278 3852 ad
296 3784 510 3874 capessendos
530 3787 742 3875 magistratus
766 3808 852 3878 sape
864 3789 982 3858 litteris
1010 3808 1181 3877 promove-

148 4076 172 4128 l.
186 4074 271 4137 Prot,
286 4091 313 4138 x,
328 4090 384 4133 vrri.
396 4105 426 4115 -
440 4076 509 4128 Vide
522 4077 602 4138 inira,
618 4093 677 4144 cap.
691 4095 729 4133 rr.
