2730 4926
654 395 762 460 -42

211 562 381 652 navigium
399 581 458 652 per
480 561 661 644 Mosellam,
685 562 861 632 alletticis
886 563 1016 633 moeuiis
1045 563 1087 632 ad
1109 566 1280 635 Antenna-

212 681 320 750 censis
338 679 461 749 castelli
486 698 588 761 arces,
613 677 773 768 depingit.
798 681 950 748 amoenos
965 680 1051 749 ruris
1068 691 1277 769 prospectus,

212 797 316 877 villas,
338 795 436 864 colles
453 793 570 864 vinetis
583 795 737 878 consitos,
759 802 857 885 atque
873 796 1028 886 abruptos
1044 805 1186 880 montes,
1204 809 1281 889 pr'a·

212 920 311 1001 taque
338 911 486 993 virentia,
509 911 662 999 rivosque
680 912 715 979 in
743 913 910 981 Mosellam
926 911 1139 981 decurrentes
1156 913 1281 983 descri-

208 1030 305 1112 bens,
323 1029 568 1099 vindemiatoris
596 1027 791 1097 uvasdefert
814 1030 984 1111 coloratas,
1015 1038 1047 1097 et
1068 1029 1279 1098 Trevirorum

211 1145 303 1214 urbis
325 1173 342 1208 o
359 1164 490 1232 quoque
512 1143 673 1212 nobilium
689 1144 807 1212 nobilis
827 1165 920 1234 aeque
937 1145 1064 1235 capitis,
1085 1171 1101 1206 o
1119 1145 1279 1235 piscium-

213 1282 278 1351 que
294 1282 352 1350 per
367 1261 448 1328 retia
463 1269 633 1350 captorum
652 1259 740 1328 haud
753 1268 804 1328 est
816 1260 1002 1329 immemor.

256 1379 376 1445 Pocma
400 1376 482 1445 illud
509 1375 652 1465 quadam
673 1377 865 1446 elocutionis
882 1378 1016 1467 poetioae
1035 1379 1196 1448 suavitate
1230 1388 1280 1447 at-

211 1514 275 1583 que
293 1493 419 1582 ingeuii
438 1493 624 1583 prestantia
639 1493 760 1560 mirum
776 1494 810 1560 in
826 1494 975 1576 modum,
994 1503 1032 1563 ut
1050 1495 1102 1562 his
1119 1496 1278 1584 tempori-

210 1609 288 1691 bus,
308 1609 429 1697 plaoet;
448 1617 609 1696 quantum
638 1629 713 1677 vcro
729 1609 769 1676 ah
784 1610 920 1678 Ausonii
940 1611 1102 1698 exquisita
1117 1631 1278 1679 numero-

212 1746 286 1793 rum
304 1733 338 1792 et
352 1724 506 1792 doctrinae
523 1725 685 1812 elegantia
699 1725 806 1793 ahcstl
825 1727 910 1793 Dum
926 1725 1279 1815 Burdigalensispoeta

208 1842 312 1909 multa
343 1841 477 1909 uberius
510 1849 608 1930 atque
624 1842 816 1918 concinnius
833 1841 873 1909 de
886 1842 1012 1930 piscatu
1031 1842 1175 1924 disserit,
1187 1841 1278 1910 frau-

209 1977 322 2026 corum
337 1978 454 2044 regum
469 1957 595 2025 aulicus
610 1977 712 2046 pauca
728 1956 916 2026 duriuscule
933 1957 973 2025 de
986 1956 1102 2025 eodem
1116 1958 1196 2045 agit.
1210 1960 1277 2027 Au-

208 2075 335 2155 sonius,
377 2073 523 2141 fluminis
549 2072 757 2162 jucunditate
776 2073 845 2142 sola
867 2083 1048 2162 permotus,
1065 2073 1180 2143 laudes
1201 2075 1276 2163 ejus

206 2189 304 2258 modo
325 2188 490 2279 predicat,
517 2189 634 2279 suique
659 2189 792 2273 oblitus,
810 2191 871 2279 ipsi
902 2190 1111 2258 imminentia
1129 2189 1277 2280 pericula

207 2306 340 2374 omittit.
368 2308 565 2375 Fortunatus
593 2326 668 2374 vero
688 2306 793 2394 magis
809 2307 929 2394 quihus
945 2306 1097 2394 objicitur
1112 2307 1277 2375 discrimi-

208 2421 308 2491 nihus
324 2444 423 2511 quam
442 2422 590 2492 locorum
609 2423 714 2490 forma
733 2423 891 2511 fluviique
903 2423 1111 2512 jucunditate
1127 2444 1275 2493 commo·

207 2545 260 2606 tus
281 2537 431 2607 videtur:
461 2538 550 2606 haud
574 2539 677 2607 semel
696 2539 798 2620 enim,
829 2539 968 2607 llosellae
996 2559 1072 2607 cum
1086 2540 1179 2608 littus
1198 2561 1276 2630 pas·

206 2653 271 2722 sim
290 2653 504 2722 constrictum
520 2673 660 2742 saraque
679 2655 814 2723 latentia
829 2662 984 2745 paventer
999 2654 1169 2745 conspicit,
1186 2656 1275 2725 ruris

206 2767 341 2839 delicias
369 2768 550 2838 laudandas
573 2778 605 2838 et
631 2769 863 2839 describendas
891 2771 1063 2839 confestim
1083 2769 1277 2855 deseritur

206 2893 302 2956 cauta
317 2893 386 2955 rate
404 2907 464 2976 per
492 2885 597 2954 undas
623 2894 748 2977 pergat.
771 2886 875 2965 Quam
894 2885 1026 2977 illepide
1039 2895 1071 2956 et
1086 2887 1212 2957 insulse
1233 2889 1277 2958 ti-

206 3011 276 3072 met
293 3031 309 3066 «
325 3023 368 3071 ne
387 3001 484 3071 veluti
501 3002 625 3091 piscem
639 3023 714 3070 eum
732 3023 864 3092 quoque
884 3023 978 3071 nassa
995 3003 1097 3073 levet!
1127 3029 1143 3063 »
1167 3004 1271 3088 Infra,

135 3212 136 3216 Ἴ
206 3139 332 3207 regem,
359 3119 416 3206 qui
444 3118 615 3210 piscationi
639 3118 750 3187 favens
782 3118 897 3200 adsuit,
919 3119 1274 3209 deprehensospisoes

206 3234 853 3325 numerantem,predaqueenultantem,
864 3243 900 3301 ut
913 3255 947 3302 se
966 3244 1064 3324 «post
1078 3235 1185 3304 ioveat
1198 3236 1274 3326 ipse

205 3350 335 3432 cibis»,
354 3350 508 3419 ostendit.
528 3352 600 3419 lam
618 3359 713 3440 poeta
729 3372 795 3419 non
811 3350 1020 3419 commiserat
1053 3359 1090 3419 ut
1114 3351 1202 3419 inter
1220 3373 1275 3422 re-

208 3486 350 3554 gnorum
365 3488 437 3556 quoe
450 3467 610 3536 transihat
624 3489 750 3535 amoena
768 3496 784 3531 «
800 3466 934 3558 dapium
956 3466 1089 3536 delicias
1105 3494 1121 3528 »
1139 3469 1276 3538 omitte·

207 3589 267 3650 ret.
286 3585 461 3673 Nunquam
485 3583 648 3652 Ausonius
668 3584 702 3652 in
727 3594 795 3652 tam
822 3582 939 3652 stolide
960 3592 994 3651 et
1019 3583 1149 3653 inficeto
1183 3583 1273 3654 dicta

207 3697 443 3769 descendisset.

251 3814 343 3882 Nunc
363 3836 435 3903 que
452 3815 493 3885 de
510 3816 651 3884 Mosellae
666 3814 809 3905 piscibus
826 3815 1059 3884 enumerandis
1075 3816 1274 3885 Nosteredi-

207 3928 255 3998 dit
274 3951 349 3999 cum
368 3932 623 4001 Halieuticorum
643 3932 839 4020 fragmento,
854 3931 942 4019 quod
959 3932 1061 4002 Ovidii
1078 3939 1201 4001 temere
1221 3931 1274 4002 di-

207 4046 303 4130 citur,
322 4057 354 4116 et
371 4049 480 4118 forsan
494 4070 533 4117 ex
552 4049 740 4118 Halieuticis
754 4049 940 4116 Nemesiani
960 4057 1137 4130 servatum,
1154 4049 1272 4137 paucis
