<?xml version="1.0" encoding="UTF-8"?>
<!DOCTYPE html PUBLIC "-//W3C//DTD XHTML 1.0 Transitional//EN"
    "http://www.w3.org/TR/xhtml1/DTD/xhtml1-transitional.dtd">
<html xmlns="http://www.w3.org/1999/xhtml" xml:lang="en" lang="en">
 <head>
  <title>
</title>
<meta http-equiv="Content-Type" content="text/html;charset=utf-8" />
  <meta name='ocr-system' content='tesseract 3.04.00' />
  <meta name='ocr-capabilities' content='ocr_page ocr_carea ocr_par ocr_line ocrx_word'/>
</head>
<body>
  <div class='ocr_page' id='page_1' title='image "./dedmausoniioper00evergoog_0049.png"; bbox 0 0 2730 4926; ppageno 0'>
   <div class='ocr_carea' id='block_1_1' title="bbox 142 478 1248 1848">
    <p class='ocr_par' dir='ltr' id='par_1_1' title="bbox 142 478 1248 1151">
     <span class='ocr_line' id='line_1_1' title="bbox 142 478 1208 572; baseline -0.005 -20"><span class='ocrx_word' id='word_1_1' title='bbox 142 484 338 572; x_wconf 83' lang='lat' dir='ltr'>fluviisque,</span> <span class='ocrx_word' id='word_1_2' title='bbox 360 480 571 569; x_wconf 79' lang='lat' dir='ltr'>ingeniisque</span> <span class='ocrx_word' id='word_1_3' title='bbox 590 480 764 548; x_wconf 89' lang='lat' dir='ltr'>bominum</span> <span class='ocrx_word' id='word_1_4' title='bbox 790 479 931 568; x_wconf 92' lang='lat' dir='ltr'>insignis</span> <span class='ocrx_word' id='word_1_5' title='bbox 956 487 1037 548; x_wconf 88' lang='lat' dir='ltr'>erat.</span> <span class='ocrx_word' id='word_1_6' title='bbox 1067 478 1208 548; x_wconf 81' lang='lat' dir='ltr'>iuterna</span> 
     </span>
     <span class='ocr_line' id='line_1_2' title="bbox 148 593 1208 688; baseline -0.005 -19"><span class='ocrx_word' id='word_1_7' title='bbox 148 600 219 688; x_wconf 76' lang='lat' dir='ltr'>eJus</span> <span class='ocrx_word' id='word_1_8' title='bbox 238 599 296 669; x_wconf 83' lang='lat' dir='ltr'>viae</span> <span class='ocrx_word' id='word_1_9' title='bbox 313 598 435 666; x_wconf 90' lang='lat' dir='ltr'>mirum</span> <span class='ocrx_word' id='word_1_10' title='bbox 459 597 494 665; x_wconf 95' lang='lat' dir='ltr'>in</span> <span class='ocrx_word' id='word_1_11' title='bbox 510 596 646 665; x_wconf 91' lang='lat' dir='ltr'>modum</span> <span class='ocrx_word' id='word_1_12' title='bbox 666 595 971 684; x_wconf 73' lang='lat' dir='ltr'>distinguebantur,</span> <span class='ocrx_word' id='word_1_13' title='bbox 989 593 1114 664; x_wconf 91' lang='lat' dir='ltr'>domus</span> <span class='ocrx_word' id='word_1_14' title='bbox 1136 615 1208 664; x_wconf 85' lang='lat' dir='ltr'>vero</span> 
     </span>
     <span class='ocr_line' id='line_1_3' title="bbox 144 711 1208 805; baseline -0.007 -20"><span class='ocrx_word' id='word_1_15' title='bbox 144 714 402 805; x_wconf 79' lang='lat' dir='ltr'>disponebantur</span> <span class='ocrx_word' id='word_1_16' title='bbox 425 711 557 794; x_wconf 87' lang='lat' dir='ltr'>ordine;</span> <span class='ocrx_word' id='word_1_17' title='bbox 575 712 689 801; x_wconf 86' lang='lat' dir='ltr'>plateae</span> <span class='ocrx_word' id='word_1_18' title='bbox 709 713 753 780; x_wconf 91' lang='lat' dir='ltr'>ita</span> <span class='ocrx_word' id='word_1_19' title='bbox 771 733 859 802; x_wconf 85' lang='lat' dir='ltr'>purae</span> <span class='ocrx_word' id='word_1_20' title='bbox 879 721 916 781; x_wconf 93' lang='lat' dir='ltr'>ut</span> <span class='ocrx_word' id='word_1_21' title='bbox 931 712 1013 780; x_wconf 90' lang='lat' dir='ltr'>nihil</span> <span class='ocrx_word' id='word_1_22' title='bbox 1034 712 1208 780; x_wconf 91' lang='lat' dir='ltr'>ambulan-</span> 
     </span>
     <span class='ocr_line' id='line_1_4' title="bbox 143 810 1248 919; baseline -0.004 -21"><span class='ocrx_word' id='word_1_23' title='bbox 143 831 231 899; x_wconf 87' lang='lat' dir='ltr'>tibus</span> <span class='ocrx_word' id='word_1_24' title='bbox 253 829 408 898; x_wconf 89' lang='lat' dir='ltr'>obstaret.</span> <span class='ocrx_word' id='word_1_25' title='bbox 431 829 651 898; x_wconf 84' lang='lat' dir='ltr'>Dinumeratis</span> <span class='ocrx_word' id='word_1_26' title='bbox 677 828 786 918; x_wconf 89' lang='lat' dir='ltr'>itaque</span> <span class='ocrx_word' id='word_1_27' title='bbox 810 828 999 910; x_wconf 88' lang='lat' dir='ltr'>virtutibus,</span> <span class='ocrx_word' id='word_1_28' title='bbox 1016 848 1086 897; x_wconf 95' lang='lat' dir='ltr'>non</span> <span class='ocrx_word' id='word_1_29' title='bbox 1103 835 1210 919; x_wconf 86' lang='lat' dir='ltr'>potest</span> <span class='ocrx_word' id='word_1_30' title='bbox 1245 810 1248 816; x_wconf 65' lang='grc'>’</span> 
     </span>
     <span class='ocr_line' id='line_1_5' title="bbox 143 944 1210 1034; baseline -0.003 -19"><span class='ocrx_word' id='word_1_31' title='bbox 143 946 306 1016; x_wconf 80' lang='lat' dir='ltr'>Ausonius</span> <span class='ocrx_word' id='word_1_32' title='bbox 330 946 411 1034; x_wconf 90' lang='lat' dir='ltr'>quin</span> <span class='ocrx_word' id='word_1_33' title='bbox 433 944 632 1014; x_wconf 91' lang='lat' dir='ltr'>concludens</span> <span class='ocrx_word' id='word_1_34' title='bbox 655 945 814 1014; x_wconf 75' lang='lat' dir='ltr'>exclamet</span> <span class='ocrx_word' id='word_1_35' title='bbox 838 967 846 1013; x_wconf 91' lang='lat'>:</span> <span class='ocrx_word' id='word_1_36' title='bbox 879 974 895 1009; x_wconf 88' lang='lat'>«</span> <span class='ocrx_word' id='word_1_37' title='bbox 920 945 1025 1033; x_wconf 84' lang='lat' dir='ltr'>Diligo</span> <span class='ocrx_word' id='word_1_38' title='bbox 1048 944 1210 1033; x_wconf 89' lang='lat' dir='ltr'>Burdiga·</span> 
     </span>
     <span class='ocr_line' id='line_1_6' title="bbox 143 1061 450 1151; baseline -0.01 -20"><span class='ocrx_word' id='word_1_39' title='bbox 143 1064 225 1131; x_wconf 84' lang='lat' dir='ltr'>lami</span> <span class='ocrx_word' id='word_1_40' title='bbox 246 1088 262 1124; x_wconf 82' lang='lat' dir='ltr'>u</span> <span class='ocrx_word' id='word_1_41' title='bbox 279 1061 357 1151; x_wconf 79' lang='lat' dir='ltr'>(xxv,</span> <span class='ocrx_word' id='word_1_42' title='bbox 379 1063 450 1148; x_wconf 80' lang='lat'>39).</span> 
     </span>
    </p>

    <p class='ocr_par' dir='ltr' id='par_1_2' title="bbox 146 1175 1216 1848">
     <span class='ocr_line' id='line_1_7' title="bbox 188 1175 1211 1266; baseline -0.003 -20"><span class='ocrx_word' id='word_1_43' title='bbox 188 1179 256 1246; x_wconf 87' lang='lat' dir='ltr'>Hoc</span> <span class='ocrx_word' id='word_1_44' title='bbox 271 1178 378 1246; x_wconf 85' lang='lat' dir='ltr'>Nostri</span> <span class='ocrx_word' id='word_1_45' title='bbox 393 1177 589 1265; x_wconf 92' lang='lat' dir='ltr'>opusculum</span> <span class='ocrx_word' id='word_1_46' title='bbox 612 1177 652 1244; x_wconf 89' lang='lat' dir='ltr'>ad</span> <span class='ocrx_word' id='word_1_47' title='bbox 676 1175 795 1245; x_wconf 90' lang='lat' dir='ltr'>seriem</span> <span class='ocrx_word' id='word_1_48' title='bbox 812 1177 995 1245; x_wconf 78' lang='lat' dir='ltr'>carminum</span> <span class='ocrx_word' id='word_1_49' title='bbox 1012 1177 1211 1266; x_wconf 90' lang='lat' dir='ltr'>geographi·</span> 
     </span>
     <span class='ocr_line' id='line_1_8' title="bbox 146 1292 1211 1382; baseline -0.001 -20"><span class='ocrx_word' id='word_1_50' title='bbox 146 1314 259 1363; x_wconf 91' lang='lat' dir='ltr'>corum</span> <span class='ocrx_word' id='word_1_51' title='bbox 275 1293 388 1361; x_wconf 89' lang='lat' dir='ltr'>referri</span> <span class='ocrx_word' id='word_1_52' title='bbox 408 1301 616 1382; x_wconf 67' lang='lat' dir='ltr'>potestque</span> <span class='ocrx_word' id='word_1_53' title='bbox 638 1302 763 1362; x_wconf 91' lang='lat' dir='ltr'>veteres</span> <span class='ocrx_word' id='word_1_54' title='bbox 788 1292 1006 1361; x_wconf 90' lang='lat' dir='ltr'>condiderunt</span> <span class='ocrx_word' id='word_1_55' title='bbox 1021 1293 1211 1382; x_wconf 85' lang='lat' dir='ltr'>scriptores,</span> 
     </span>
     <span class='ocr_line' id='line_1_9' title="bbox 146 1409 1214 1498; baseline -0.002 -20"><span class='ocrx_word' id='word_1_56' title='bbox 146 1410 236 1478; x_wconf 91' lang='lat' dir='ltr'>verbi</span> <span class='ocrx_word' id='word_1_57' title='bbox 251 1410 367 1498; x_wconf 89' lang='lat' dir='ltr'>gratia,</span> <span class='ocrx_word' id='word_1_58' title='bbox 387 1410 421 1477; x_wconf 88' lang='lat' dir='ltr'>P.</span> <span class='ocrx_word' id='word_1_59' title='bbox 444 1411 515 1479; x_wconf 88' lang='lat' dir='ltr'>Ter.</span> <span class='ocrx_word' id='word_1_60' title='bbox 538 1409 635 1478; x_wconf 89' lang='lat' dir='ltr'>Varro</span> <span class='ocrx_word' id='word_1_61' title='bbox 655 1411 746 1492; x_wconf 79' lang='lat' dir='ltr'>htar,</span> <span class='ocrx_word' id='word_1_62' title='bbox 763 1410 917 1492; x_wconf 77' lang='lat' dir='ltr'>Avienus,</span> <span class='ocrx_word' id='word_1_63' title='bbox 936 1410 1077 1478; x_wconf 86' lang='lat' dir='ltr'>Rutilius</span> <span class='ocrx_word' id='word_1_64' title='bbox 1091 1411 1214 1478; x_wconf 88' lang='lat' dir='ltr'>Numa-</span> 
     </span>
     <span class='ocr_line' id='line_1_10' title="bbox 147 1525 1216 1616; baseline 0.002 -25"><span class='ocrx_word' id='word_1_65' title='bbox 147 1526 255 1595; x_wconf 81' lang='lat' dir='ltr'>lienus</span> <span class='ocrx_word' id='word_1_66' title='bbox 273 1537 304 1595; x_wconf 93' lang='lat' dir='ltr'>et</span> <span class='ocrx_word' id='word_1_67' title='bbox 323 1527 519 1595; x_wconf 85' lang='lat' dir='ltr'>Priscianus.</span> <span class='ocrx_word' id='word_1_68' title='bbox 538 1526 602 1594; x_wconf 87' lang='lat' dir='ltr'>Sed</span> <span class='ocrx_word' id='word_1_69' title='bbox 620 1526 666 1595; x_wconf 91' lang='lat' dir='ltr'>illi</span> <span class='ocrx_word' id='word_1_70' title='bbox 682 1528 826 1594; x_wconf 91' lang='lat' dir='ltr'>carmina</span> <span class='ocrx_word' id='word_1_71' title='bbox 841 1525 881 1594; x_wconf 90' lang='lat' dir='ltr'>de</span> <span class='ocrx_word' id='word_1_72' title='bbox 897 1525 995 1595; x_wconf 88' lang='lat' dir='ltr'>rebus</span> <span class='ocrx_word' id='word_1_73' title='bbox 1015 1526 1216 1616; x_wconf 86' lang='lat' dir='ltr'>geographi·</span> 
     </span>
     <span class='ocr_line' id='line_1_11' title="bbox 147 1641 1216 1731; baseline 0.002 -23"><span class='ocrx_word' id='word_1_74' title='bbox 147 1641 192 1709; x_wconf 89' lang='lat' dir='ltr'>cis</span> <span class='ocrx_word' id='word_1_75' title='bbox 206 1643 363 1731; x_wconf 88' lang='lat' dir='ltr'>perlonga</span> <span class='ocrx_word' id='word_1_76' title='bbox 378 1642 594 1724; x_wconf 88' lang='lat' dir='ltr'>tradiderunt,</span> <span class='ocrx_word' id='word_1_77' title='bbox 616 1663 688 1731; x_wconf 83' lang='lat' dir='ltr'>quae</span> <span class='ocrx_word' id='word_1_78' title='bbox 704 1663 790 1730; x_wconf 82' lang='lat' dir='ltr'>egre</span> <span class='ocrx_word' id='word_1_79' title='bbox 803 1663 877 1710; x_wconf 94' lang='lat' dir='ltr'>curn</span> <span class='ocrx_word' id='word_1_80' title='bbox 891 1641 1095 1711; x_wconf 83' lang='lat' dir='ltr'>brevissimis</span> <span class='ocrx_word' id='word_1_81' title='bbox 1111 1643 1216 1710; x_wconf 79' lang='lat' dir='ltr'>Auso·</span> 
     </span>
     <span class='ocr_line' id='line_1_12' title="bbox 147 1757 1130 1848; baseline 0.002 -25"><span class='ocrx_word' id='word_1_82' title='bbox 147 1757 194 1826; x_wconf 94' lang='lat' dir='ltr'>nii</span> <span class='ocrx_word' id='word_1_83' title='bbox 212 1757 484 1847; x_wconf 88' lang='lat' dir='ltr'>descriptionibus</span> <span class='ocrx_word' id='word_1_84' title='bbox 504 1758 539 1825; x_wconf 92' lang='lat' dir='ltr'>in</span> <span class='ocrx_word' id='word_1_85' title='bbox 557 1759 833 1848; x_wconf 87' lang='lat' dir='ltr'>comparationem</span> <span class='ocrx_word' id='word_1_86' title='bbox 849 1757 966 1826; x_wconf 87' lang='lat' dir='ltr'>adduci</span> <span class='ocrx_word' id='word_1_87' title='bbox 980 1766 1130 1848; x_wconf 88' lang='lat' dir='ltr'>possent.</span> 
     </span>
    </p>
   </div>
   <div class='ocr_carea' id='block_1_2' title="bbox 424 2066 928 2138">
    <p class='ocr_par' dir='ltr' id='par_1_3' title="bbox 424 2066 928 2138">
     <span class='ocr_line' id='line_1_13' title="bbox 424 2066 928 2138; baseline -0.002 -14"><span class='ocrx_word' id='word_1_88' title='bbox 424 2066 472 2124; x_wconf 85' lang='lat' dir='ltr'>1x.</span> <span class='ocrx_word' id='word_1_89' title='bbox 487 2067 585 2124; x_wconf 75' lang='lat' dir='ltr'>Ludus</span> <span class='ocrx_word' id='word_1_90' title='bbox 601 2072 718 2138; x_wconf 83' lang='lat' dir='ltr'>septem</span> <span class='ocrx_word' id='word_1_91' title='bbox 734 2067 928 2138; x_wconf 79' lang='lat' dir='ltr'>sapientium.</span> 
     </span>
    </p>
   </div>
   <div class='ocr_carea' id='block_1_3' title="bbox 147 2349 1219 3598">
    <p class='ocr_par' dir='ltr' id='par_1_4' title="bbox 147 2349 1219 3598">
     <span class='ocr_line' id='line_1_14' title="bbox 191 2349 1214 2440; baseline 0.001 -21"><span class='ocrx_word' id='word_1_92' title='bbox 191 2351 305 2419; x_wconf 87' lang='lat' dir='ltr'>Ludus</span> <span class='ocrx_word' id='word_1_93' title='bbox 319 2361 443 2440; x_wconf 83' lang='lat' dir='ltr'>septem</span> <span class='ocrx_word' id='word_1_94' title='bbox 455 2349 655 2440; x_wconf 84' lang='lat' dir='ltr'>sapientium</span> <span class='ocrx_word' id='word_1_95' title='bbox 669 2349 827 2419; x_wconf 73' lang='lat' dir='ltr'>comoedia</span> <span class='ocrx_word' id='word_1_96' title='bbox 842 2357 903 2432; x_wconf 88' lang='lat' dir='ltr'>est,</span> <span class='ocrx_word' id='word_1_97' title='bbox 922 2370 1022 2439; x_wconf 90' lang='lat' dir='ltr'>quam</span> <span class='ocrx_word' id='word_1_98' title='bbox 1032 2351 1214 2434; x_wconf 77' lang='lat' dir='ltr'>Ausonius,</span> 
     </span>
     <span class='ocr_line' id='line_1_15' title="bbox 150 2465 1216 2556; baseline 0.001 -20"><span class='ocrx_word' id='word_1_99' title='bbox 150 2468 215 2537; x_wconf 89' lang='lat' dir='ltr'>vita</span> <span class='ocrx_word' id='word_1_100' title='bbox 234 2468 305 2556; x_wconf 85' lang='lat' dir='ltr'>jam</span> <span class='ocrx_word' id='word_1_101' title='bbox 331 2465 496 2535; x_wconf 88' lang='lat' dir='ltr'>adfinem</span> <span class='ocrx_word' id='word_1_102' title='bbox 521 2475 689 2555; x_wconf 91' lang='lat' dir='ltr'>vergente,</span> <span class='ocrx_word' id='word_1_103' title='bbox 716 2467 902 2535; x_wconf 85' lang='lat' dir='ltr'>Lucaniacae</span> <span class='ocrx_word' id='word_1_104' title='bbox 929 2467 1012 2536; x_wconf 79' lang='lat' dir='ltr'>ville</span> <span class='ocrx_word' id='word_1_105' title='bbox 1031 2467 1067 2534; x_wconf 91' lang='lat' dir='ltr'>in</span> <span class='ocrx_word' id='word_1_106' title='bbox 1085 2469 1216 2537; x_wconf 86' lang='lat' dir='ltr'>theatro</span> 
     </span>
     <span class='ocr_line' id='line_1_16' title="bbox 150 2563 1217 2672; baseline 0.003 -22"><span class='ocrx_word' id='word_1_107' title='bbox 150 2582 312 2671; x_wconf 82' lang='lat' dir='ltr'>agendam</span> <span class='ocrx_word' id='word_1_108' title='bbox 325 2581 526 2649; x_wconf 87' lang='lat' dir='ltr'>condiderat.</span> <span class='ocrx_word' id='word_1_109' title='bbox 540 2583 728 2652; x_wconf 83' lang='lat' dir='ltr'>Gravissimi</span> <span class='ocrx_word' id='word_1_110' title='bbox 737 2583 867 2651; x_wconf 88' lang='lat' dir='ltr'>libellus</span> <span class='ocrx_word' id='word_1_111' title='bbox 878 2582 985 2672; x_wconf 88' lang='lat' dir='ltr'>pretii,</span> <span class='ocrx_word' id='word_1_112' title='bbox 998 2604 1065 2650; x_wconf 93' lang='lat' dir='ltr'>non</span> <span class='ocrx_word' id='word_1_113' title='bbox 1076 2563 1217 2671; x_wconf 86' lang='lat' dir='ltr'>quidem</span> 
     </span>
     <span class='ocr_line' id='line_1_17' title="bbox 150 2697 1217 2782; baseline 0.003 -18"><span class='ocrx_word' id='word_1_114' title='bbox 150 2697 294 2765; x_wconf 87' lang='lat' dir='ltr'>materiae</span> <span class='ocrx_word' id='word_1_115' title='bbox 319 2698 476 2766; x_wconf 89' lang='lat' dir='ltr'>suavitate</span> <span class='ocrx_word' id='word_1_116' title='bbox 498 2719 558 2766; x_wconf 91' lang='lat' dir='ltr'>nec</span> <span class='ocrx_word' id='word_1_117' title='bbox 580 2718 795 2767; x_wconf 88' lang='lat' dir='ltr'>numerorum</span> <span class='ocrx_word' id='word_1_118' title='bbox 820 2719 951 2782; x_wconf 87' lang='lat' dir='ltr'>venere,</span> <span class='ocrx_word' id='word_1_119' title='bbox 978 2697 1037 2767; x_wconf 92' lang='lat' dir='ltr'>sed</span> <span class='ocrx_word' id='word_1_120' title='bbox 1056 2699 1217 2769; x_wconf 88' lang='lat' dir='ltr'>historico</span> 
     </span>
     <span class='ocr_line' id='line_1_18' title="bbox 149 2813 1218 2903; baseline 0.002 -23"><span class='ocrx_word' id='word_1_121' title='bbox 149 2821 329 2882; x_wconf 91' lang='lat' dir='ltr'>momento.</span> <span class='ocrx_word' id='word_1_122' title='bbox 356 2813 413 2881; x_wconf 89' lang='lat' dir='ltr'>lile</span> <span class='ocrx_word' id='word_1_123' title='bbox 437 2813 526 2881; x_wconf 90' lang='lat' dir='ltr'>enim</span> <span class='ocrx_word' id='word_1_124' title='bbox 546 2815 635 2902; x_wconf 92' lang='lat' dir='ltr'>quod</span> <span class='ocrx_word' id='word_1_125' title='bbox 660 2824 746 2883; x_wconf 90' lang='lat' dir='ltr'>esset</span> <span class='ocrx_word' id='word_1_126' title='bbox 767 2824 882 2903; x_wconf 89' lang='lat' dir='ltr'>quarto</span> <span class='ocrx_word' id='word_1_127' title='bbox 906 2815 1024 2884; x_wconf 84' lang='lat' dir='ltr'>saeoulo</span> <span class='ocrx_word' id='word_1_128' title='bbox 1047 2816 1218 2884; x_wconf 87' lang='lat' dir='ltr'>theatrum</span> 
     </span>
     <span class='ocr_line' id='line_1_19' title="bbox 152 2928 1219 3020; baseline 0.004 -23"><span class='ocrx_word' id='word_1_129' title='bbox 152 2929 295 3017; x_wconf 89' lang='lat' dir='ltr'>quodam</span> <span class='ocrx_word' id='word_1_130' title='bbox 320 2928 418 2997; x_wconf 89' lang='lat' dir='ltr'>modo</span> <span class='ocrx_word' id='word_1_131' title='bbox 437 2949 496 2997; x_wconf 92' lang='lat' dir='ltr'>nos</span> <span class='ocrx_word' id='word_1_132' title='bbox 514 2928 631 2998; x_wconf 92' lang='lat' dir='ltr'>docet:</span> <span class='ocrx_word' id='word_1_133' title='bbox 656 2952 733 2998; x_wconf 89' lang='lat' dir='ltr'>nam</span> <span class='ocrx_word' id='word_1_134' title='bbox 752 2932 853 3020; x_wconf 89' lang='lat' dir='ltr'>hujus</span> <span class='ocrx_word' id='word_1_135' title='bbox 869 2931 999 3019; x_wconf 90' lang='lat' dir='ltr'>generis</span> <span class='ocrx_word' id='word_1_136' title='bbox 1014 2930 1219 3001; x_wconf 86' lang='lat' dir='ltr'>documenta</span> 
     </span>
     <span class='ocr_line' id='line_1_20' title="bbox 147 3044 1218 3135; baseline 0.005 -25"><span class='ocrx_word' id='word_1_137' title='bbox 147 3044 380 3132; x_wconf 84' lang='lat' dir='ltr'>indignissime</span> <span class='ocrx_word' id='word_1_138' title='bbox 396 3046 575 3135; x_wconf 91' lang='lat' dir='ltr'>perierunt.</span> <span class='ocrx_word' id='word_1_139' title='bbox 591 3046 813 3125; x_wconf 88' lang='lat' dir='ltr'>Quamobrem</span> <span class='ocrx_word' id='word_1_140' title='bbox 829 3049 953 3116; x_wconf 91' lang='lat' dir='ltr'>nullam</span> <span class='ocrx_word' id='word_1_141' title='bbox 968 3046 1134 3116; x_wconf 90' lang='lat' dir='ltr'>habemus</span> <span class='ocrx_word' id='word_1_142' title='bbox 1155 3056 1218 3117; x_wconf 91' lang='lat' dir='ltr'>tra·</span> 
     </span>
     <span class='ocr_line' id='line_1_21' title="bbox 151 3161 1217 3252; baseline 0.005 -25"><span class='ocrx_word' id='word_1_143' title='bbox 151 3161 333 3248; x_wconf 83' lang='lat' dir='ltr'>goediarum</span> <span class='ocrx_word' id='word_1_144' title='bbox 347 3162 719 3252; x_wconf 78' lang='lat' dir='ltr'>comediarumve,quas</span> <span class='ocrx_word' id='word_1_145' title='bbox 735 3165 869 3232; x_wconf 79' lang='lat' dir='ltr'>Ausonii</span> <span class='ocrx_word' id='word_1_146' title='bbox 887 3164 983 3232; x_wconf 87' lang='lat' dir='ltr'>amici</span> <span class='ocrx_word' id='word_1_147' title='bbox 999 3163 1217 3248; x_wconf 80' lang='lat' dir='ltr'>tradiderant,</span> 
     </span>
     <span class='ocr_line' id='line_1_22' title="bbox 150 3277 1219 3370; baseline 0.006 -28"><span class='ocrx_word' id='word_1_148' title='bbox 150 3283 247 3364; x_wconf 88' lang='lat' dir='ltr'>atque</span> <span class='ocrx_word' id='word_1_149' title='bbox 263 3277 297 3344; x_wconf 91' lang='lat' dir='ltr'>in</span> <span class='ocrx_word' id='word_1_150' title='bbox 319 3278 433 3367; x_wconf 91' lang='lat' dir='ltr'>primis</span> <span class='ocrx_word' id='word_1_151' title='bbox 449 3280 560 3346; x_wconf 92' lang='lat' dir='ltr'>rhetor</span> <span class='ocrx_word' id='word_1_152' title='bbox 573 3279 672 3347; x_wconf 80' lang='lat' dir='ltr'>tinius</span> <span class='ocrx_word' id='word_1_153' title='bbox 693 3280 811 3347; x_wconf 86' lang='lat' dir='ltr'>Paulus</span> <span class='ocrx_word' id='word_1_154' title='bbox 829 3280 964 3370; x_wconf 83' lang='lat' dir='ltr'>¹(Epist.</span> <span class='ocrx_word' id='word_1_155' title='bbox 981 3303 1012 3362; x_wconf 86' lang='lat' dir='ltr'>x,</span> <span class='ocrx_word' id='word_1_156' title='bbox 1028 3285 1085 3366; x_wconf 80' lang='lat' dir='ltr'>ur).</span> <span class='ocrx_word' id='word_1_157' title='bbox 1101 3281 1219 3348; x_wconf 86' lang='lat' dir='ltr'>Ludus</span> 
     </span>
     <span class='ocr_line' id='line_1_23' title="bbox 150 3391 1219 3483; baseline 0.007 -26"><span class='ocrx_word' id='word_1_158' title='bbox 150 3391 253 3479; x_wconf 90' lang='lat' dir='ltr'>igitur</span> <span class='ocrx_word' id='word_1_159' title='bbox 269 3394 410 3462; x_wconf 81' lang='lat' dir='ltr'>manime</span> <span class='ocrx_word' id='word_1_160' title='bbox 426 3393 560 3482; x_wconf 89' lang='lat' dir='ltr'>dignus,</span> <span class='ocrx_word' id='word_1_161' title='bbox 577 3396 634 3483; x_wconf 91' lang='lat' dir='ltr'>qui</span> <span class='ocrx_word' id='word_1_162' title='bbox 650 3395 758 3463; x_wconf 94' lang='lat' dir='ltr'>studio</span> <span class='ocrx_word' id='word_1_163' title='bbox 773 3395 1023 3465; x_wconf 90' lang='lat' dir='ltr'>commendetur</span> <span class='ocrx_word' id='word_1_164' title='bbox 1036 3404 1165 3480; x_wconf 89' lang='lat' dir='ltr'>nostro,</span> <span class='ocrx_word' id='word_1_165' title='bbox 1183 3417 1219 3465; x_wconf 92' lang='lat' dir='ltr'>ac</span> 
     </span>
     <span class='ocr_line' id='line_1_24' title="bbox 151 3504 562 3598; baseline 0.012 -27"><span class='ocrx_word' id='word_1_166' title='bbox 151 3504 333 3594; x_wconf 77' lang='lat' dir='ltr'>diligentia</span> <span class='ocrx_word' id='word_1_167' title='bbox 352 3518 562 3598; x_wconf 90' lang='lat' dir='ltr'>proponatur.</span> 
     </span>
    </p>
   </div>
   <div class='ocr_carea' id='block_1_4' title="bbox 151 3675 1221 4068">
    <p class='ocr_par' dir='ltr' id='par_1_5' title="bbox 151 3675 1221 4068">
     <span class='ocr_line' id='line_1_25' title="bbox 184 3675 1219 3747; baseline 0.009 -22"><span class='ocrx_word' id='word_1_168' title='bbox 184 3678 207 3725; x_wconf 90' lang='lat' dir='ltr'>t.</span> <span class='ocrx_word' id='word_1_169' title='bbox 222 3675 285 3727; x_wconf 87' lang='lat' dir='ltr'>Una</span> <span class='ocrx_word' id='word_1_170' title='bbox 300 3691 334 3727; x_wconf 91' lang='lat' dir='ltr'>ex</span> <span class='ocrx_word' id='word_1_171' title='bbox 348 3678 380 3728; x_wconf 81' lang='lat' dir='ltr'>A.</span> <span class='ocrx_word' id='word_1_172' title='bbox 395 3678 475 3728; x_wconf 87' lang='lat' dir='ltr'>Pauli</span> <span class='ocrx_word' id='word_1_173' title='bbox 487 3679 628 3730; x_wconf 84' lang='lat' dir='ltr'>conroediis</span> <span class='ocrx_word' id='word_1_174' title='bbox 658 3679 760 3731; x_wconf 83' lang='lat' dir='ltr'>Delirus</span> <span class='ocrx_word' id='word_1_175' title='bbox 782 3680 995 3743; x_wconf 86' lang='lat' dir='ltr'>inscribebatur,</span> <span class='ocrx_word' id='word_1_176' title='bbox 1018 3683 1101 3747; x_wconf 82' lang='lat' dir='ltr'>atque</span> <span class='ocrx_word' id='word_1_177' title='bbox 1129 3681 1219 3734; x_wconf 87' lang='lat' dir='ltr'>eidem</span> 
     </span>
     <span class='ocr_line' id='line_1_26' title="bbox 151 3749 1219 3824; baseline 0.008 -19"><span class='ocrx_word' id='word_1_178' title='bbox 151 3759 233 3806; x_wconf 91' lang='lat' dir='ltr'>notus</span> <span class='ocrx_word' id='word_1_179' title='bbox 249 3754 374 3818; x_wconf 81' lang='lat' dir='ltr'>Querolus</span> <span class='ocrx_word' id='word_1_180' title='bbox 383 3758 514 3809; x_wconf 89' lang='lat' dir='ltr'>tribuitur</span> <span class='ocrx_word' id='word_1_181' title='bbox 526 3761 573 3824; x_wconf 88' lang='lat' dir='ltr'>qui</span> <span class='ocrx_word' id='word_1_182' title='bbox 588 3760 621 3810; x_wconf 90' lang='lat' dir='ltr'>de</span> <span class='ocrx_word' id='word_1_183' title='bbox 634 3761 721 3811; x_wconf 84' lang='lat' dir='ltr'>variis</span> <span class='ocrx_word' id='word_1_184' title='bbox 736 3762 848 3811; x_wconf 86' lang='lat' dir='ltr'>Antonii</span> <span class='ocrx_word' id='word_1_185' title='bbox 865 3762 1044 3821; x_wconf 84' lang='lat' dir='ltr'>carminibus,</span> <span class='ocrx_word' id='word_1_186' title='bbox 1059 3775 1137 3813; x_wconf 88' lang='lat' dir='ltr'>more</span> <span class='ocrx_word' id='word_1_187' title='bbox 1155 3749 1219 3814; x_wconf 85' lang='lat' dir='ltr'>cen-</span> 
     </span>
     <span class='ocr_line' id='line_1_27' title="bbox 151 3839 1219 3908; baseline 0.01 -24"><span class='ocrx_word' id='word_1_188' title='bbox 151 3839 288 3897; x_wconf 88' lang='lat' dir='ltr'>tonnario,</span> <span class='ocrx_word' id='word_1_189' title='bbox 304 3843 447 3890; x_wconf 88' lang='lat' dir='ltr'>contextus</span> <span class='ocrx_word' id='word_1_190' title='bbox 461 3840 577 3891; x_wconf 82' lang='lat' dir='ltr'>videtur.</span> <span class='ocrx_word' id='word_1_191' title='bbox 591 3841 637 3904; x_wconf 74' lang='lat' dir='ltr'>(R.</span> <span class='ocrx_word' id='word_1_192' title='bbox 664 3841 837 3899; x_wconf 89' lang='lat' dir='ltr'>Dezeimeris‚</span> <span class='ocrx_word' id='word_1_193' title='bbox 852 3842 950 3894; x_wconf 82' lang='lat' dir='ltr'>Etudes</span> <span class='ocrx_word' id='word_1_194' title='bbox 972 3857 1019 3894; x_wconf 82' lang='lat' dir='ltr'>sur</span> <span class='ocrx_word' id='word_1_195' title='bbox 1040 3841 1063 3894; x_wconf 86' lang='lat' dir='ltr'>le</span> <span class='ocrx_word' id='word_1_196' title='bbox 1082 3843 1219 3908; x_wconf 77' lang='lat' dir='ltr'>oneretur,</span> 
     </span>
     <span class='ocr_line' id='line_1_28' title="bbox 152 3915 1221 3990; baseline 0.01 -25"><span class='ocrx_word' id='word_1_197' title='bbox 152 3915 305 3976; x_wconf 83' lang='lat' dir='ltr'>Bordeaux‚</span> <span class='ocrx_word' id='word_1_198' title='bbox 322 3919 526 3982; x_wconf 87' lang='lat' dir='ltr'>Gounouilhou,</span> <span class='ocrx_word' id='word_1_199' title='bbox 539 3923 607 3984; x_wconf 78' lang='lat'><strong>18813</strong></span> <span class='ocrx_word' id='word_1_200' title='bbox 618 3923 711 3986; x_wconf 72' lang='lat' dir='ltr'>Leporis</span> <span class='ocrx_word' id='word_1_201' title='bbox 719 3922 848 3973; x_wconf 80' lang='lat' dir='ltr'>nouvelles</span> <span class='ocrx_word' id='word_1_202' title='bbox 860 3928 885 3974; x_wconf 87' lang='lat' dir='ltr'>et</span> <span class='ocrx_word' id='word_1_203' title='bbox 896 3938 1047 3990; x_wconf 86' lang='lat' dir='ltr'>remcrques</span> <span class='ocrx_word' id='word_1_204' title='bbox 1058 3937 1107 3975; x_wconf 83' lang='lat' dir='ltr'>sur</span> <span class='ocrx_word' id='word_1_205' title='bbox 1115 3923 1141 3975; x_wconf 88' lang='lat' dir='ltr'>le</span> <span class='ocrx_word' id='word_1_206' title='bbox 1151 3927 1221 3976; x_wconf 80' lang='lat' dir='ltr'>tecle</span> 
     </span>
     <span class='ocr_line' id='line_1_29' title="bbox 153 3995 845 4068; baseline 0.012 -22"><span class='ocrx_word' id='word_1_207' title='bbox 153 3995 185 4046; x_wconf 86' lang='lat' dir='ltr'>de</span> <span class='ocrx_word' id='word_1_208' title='bbox 200 3997 285 4049; x_wconf 82' lang='lat' dir='ltr'>divers</span> <span class='ocrx_word' id='word_1_209' title='bbox 300 4003 415 4063; x_wconf 86' lang='lat' dir='ltr'>auteurs,</span> <span class='ocrx_word' id='word_1_210' title='bbox 430 4000 585 4063; x_wconf 85' lang='lat' dir='ltr'>Bcrdeeux,</span> <span class='ocrx_word' id='word_1_211' title='bbox 602 4001 747 4063; x_wconf 75' lang='lat' dir='ltr'>chaumes,</span> <span class='ocrx_word' id='word_1_212' title='bbox 762 4003 845 4068; x_wconf 79' lang='lat' dir='ltr'>toto.)</span> 
     </span>
    </p>
   </div>
   <div class='ocr_carea' id='block_1_5' title="bbox 0 0 1383 4926">
    <p class='ocr_par' dir='ltr' id='par_1_6' title="bbox 0 0 1383 4926">
     <span class='ocr_line' id='line_1_30' title="bbox 0 0 1383 4926; baseline 0 0"><span class='ocrx_word' id='word_1_213' title='bbox 0 0 1383 4926; x_wconf 95' lang='lat' dir='ltr'> </span> 
     </span>
    </p>
   </div>
  </div>
 </body>
</html>
