2722 4920
680 375 836 430 ...2-

271 534 342 600 lam
357 532 474 599 domus
491 539 559 599 tota
578 531 738 598 infantem
771 552 881 599 amore
897 532 1110 620 sollicitisque
1126 533 1213 601 curis
1230 533 1294 601 cir-

229 647 413 717 cumdedit.
441 648 530 728 Avia,
548 650 596 714 AE.
614 647 781 715 Corinthia
792 648 912 730 Maura,
933 676 949 710 «
968 647 1087 716 blanda
1102 649 1164 716 sub
1179 657 1294 717 auste-

228 765 272 832 ris
291 764 410 831 imbuit
421 763 567 851 imperiis
589 789 606 824 »
642 783 719 831 euru
745 764 891 845 monitis,
908 785 979 852 quae
996 764 1153 832 servanda
1168 775 1294 834 mater-

228 889 298 948 tera
317 880 436 947 hilaria
455 880 606 961 curabat;
633 880 819 968 pariterque
834 883 918 946 AEm.
933 879 1082 968 Dryadia,
1100 882 1201 948 altera
1215 881 1292 970 ejus

228 1005 411 1079 matertera,
447 1024 463 1058 «
486 997 521 1063 in
546 998 635 1064 hunc
662 995 806 1063 discebat
824 1006 928 1065 mater
954 998 1002 1064 uti
1028 997 1132 1065 fieret.
1155 1023 1171 1058 »
1200 999 1292 1067 Avus

227 1133 301 1181 vero
321 1113 469 1180 Caecilius
489 1113 558 1199 qui,
577 1113 648 1179 coeli
663 1132 876 1179 numerorum
900 1120 931 1180 et
955 1113 1159 1181 consciorum
1175 1113 1234 1181 lati
1247 1113 1292 1182 si-

227 1227 342 1296 derum
362 1230 499 1318 peritus,
521 1228 728 1296 Chaldaicam
745 1229 914 1296 exercebat
927 1237 1043 1310 artem,
1059 1250 1098 1296 ex
1122 1228 1174 1298 die
1187 1230 1292 1298 natali

226 1342 369 1430 predixit
397 1365 461 1433 quo
487 1344 572 1412 lelici
603 1345 667 1412 lato
700 1344 810 1433 nepoti
834 1345 922 1412 nasci
934 1345 1136 1432 contigisset.
1156 1345 1292 1414 lllustre

225 1458 314 1525 euim
325 1469 410 1527 astra
433 1459 672 1542 iudicaverunt,
685 1459 928 1528 'consentientia
943 1480 1018 1527 cum
1033 1459 1289 1530 notoluvenalis

226 1592 351 1641 versu:
440 1604 451 1610 ··

613 1775 639 1830 Si
653 1775 770 1830 fortuna
784 1775 903 1843 volet...

525 1863 587 1919 Fies
602 1864 637 1918 dc
651 1865 767 1919 rhetore
780 1864 890 1919 consul.

224 2084 315 2164 Quod
329 2084 473 2174 profecto
488 2084 577 2151 haud
596 2084 710 2152 fefellit
723 2093 870 2152 eventus.

264 2203 356 2282 Nam,
372 2210 409 2268 ut
422 2201 567 2289 primum
595 2221 612 2268 e
643 2201 752 2289 pueris
783 2202 920 2268 excessit
953 2200 1128 2283 Ausoniae,
1165 2201 1288 2270 adeas

220 2318 353 2386 collatus
380 2317 440 2385 luit
465 2325 549 2384 artes
575 2316 695 2405 quibus
715 2315 937 2384 adolescentes
964 2315 1004 2382 ad
1037 2317 1287 2386 humanitatem

218 2434 445 2521 antiquissima
474 2453 561 2514 cura,
593 2434 654 2500 hac
682 2435 752 2521 ipsa
785 2440 889 2514 atate,
922 2431 1091 2499 informari
1115 2433 1283 2502 solebant.

220 2549 318 2616 Gallia
332 2549 432 2629 enim,
451 2568 489 2616 eo
504 2548 574 2636 ipso
587 2557 733 2635 tempore
747 2546 994 2636 quo,(omnibus
1013 2567 1143 2615 summa
1151 2549 1289 2616 licentia

218 2669 250 2728 et
268 2662 396 2749 ignavia
411 2661 592 2750 permixtis,
616 2662 761 2729 barbaris
781 2660 928 2749 undique
944 2664 1198 2751 prementibus),
1219 2664 1289 2731 im-

215 2778 344 2865 perium
371 2797 545 2844 romanum
560 2778 669 2866 praeda
681 2779 766 2846 ultro
781 2778 987 2861 offerebatur,
1005 2799 1109 2866 graeca
1124 2781 1284 2849 comitate

216 2893 347 2976 referta,
374 2892 604 2962 eruditissimis
624 2894 815 2962 hominihus
841 2895 1145 2984 liberalissimisque
1162 2894 1285 2965 studiis

215 3009 380 3079 affluebat.
407 3014 445 3078 ln
466 3031 674 3099 quacumque
699 3012 788 3079 enim
804 3011 941 3080 civitatis
953 3023 1044 3101 parte
1063 3013 1167 3080 multa
1182 3012 1286 3082 llore-

213 3125 292 3192 hant
321 3127 503 3214 gymnasia,
529 3127 707 3215 interque
731 3127 964 3196 honestissima
990 3126 1030 3196 de
1050 3128 1167 3196 litteris
1189 3127 1286 3198 edis·

211 3243 322 3311 cendis
335 3253 404 3312 erat
416 3245 561 3314 certatio.
582 3246 722 3314 luvenes
737 3244 778 3313 ad
794 3265 847 3313 eas
864 3246 1004 3328 scholas,
1022 3246 1108 3313 sicut
1120 3244 1160 3312 ad
1177 3245 1285 3317 sedes

211 3360 376 3428 illusarum
405 3369 438 3430 et
469 3362 689 3449 ingenuarum
723 3363 843 3429 artium
863 3361 983 3445 sontes,
1004 3361 1175 3430 confertim
1197 3383 1287 3432 con·

210 3477 398 3560 currebant;
417 3499 528 3566 eaeque
548 3480 693 3546 honestae
710 3478 890 3568 discipline
907 3477 941 3544 in
959 3477 1060 3546 Gallia
1074 3485 1164 3545 tanto
1181 3497 1279 3548 exco-

194 3592 360 3662 lebantur
388 3593 509 3678 studio,
538 3604 747 3683 oratoresque
769 3602 802 3662 et
819 3601 937 3683 poete,
971 3600 1004 3661 et
1032 3592 1179 3661 historici
1205 3601 1279 3664 tam

209 3710 305 3777 multi
331 3711 498 3798 vigebant,
527 3720 564 3780 ut
586 3712 756 3799 praeclaros
775 3711 915 3798 Augusti
943 3709 1045 3778 aetatis
1077 3708 1158 3792 dies,
1183 3718 1281 3780 tanta

204 3824 352 3895 barbarie
378 3826 525 3916 undique
545 3827 754 3910 circumfusa,
783 3825 935 3895 reductos
960 3825 1109 3894 dixisses.
1132 3827 1197 3894 Nec
1217 3829 1286 3898 mi-

205 3941 287 4009 reris
310 3964 318 4008 :
351 3964 430 4012 cum
457 3943 593 4032 egregia
608 3943 791 4031 eximiaque
805 3942 913 4031 gallici
928 3943 1041 4032 populi
1059 3941 1200 4026 indoles,
1223 3945 1287 4032 qui

74 4050 90 4066 „
177 4048 178 4052 ,
203 4055 243 4122 ab
257 4056 327 4145 ipsa
359 4068 474 4128 natura
492 4069 677 4150 promptam
696 4069 730 4128 et
747 4067 892 4149 paratam
913 4059 963 4129 vel
984 4059 1018 4125 in
1041 4057 1283 4146 excogitando,
