2730 4926
525 410 568 421 -
595 373 656 438 143
681 409 724 420 -

144 565 166 610 ‘a
181 544 223 611 ll.
245 542 441 613 Dczeimeris
457 564 464 610 ε

248 730 341 787 llicicr
354 734 384 786 et
397 729 494 786 renuit
498 770 552 784 .....
558 746 565 796 ;

149 914 167 959 a
185 893 222 959 (l.
243 891 281 958 0.
303 890 384 958 Art:

249 1075 368 1143 Diceris,
388 1078 419 1130 et
437 1091 487 1130 rea
501 1077 578 1130 tit...

156 1235 233 1314 Qum
248 1236 309 1304 liat
324 1255 461 1304 censura
480 1235 562 1303 mihi
576 1231 744 1324 probanda
760 1231 901 1314 videtur,
925 1252 997 1320 quae
1017 1230 1117 1300 simul
1140 1237 1174 1298 et

105 1350 256 1419 codicum
271 1351 399 1420 litteras
415 1352 483 1419 fere
503 1349 544 1418 ad
560 1349 684 1418 litteras
704 1347 831 1431 reddat,
849 1348 1072 1437 disertamque
1084 1354 1175 1437 pate-

106 1466 202 1536 faciat
221 1469 435 1540 sententiam.

152 1584 291 1666 lterum,
321 1583 363 1653 de
386 1604 482 1653 versu
504 1584 547 1652 26
574 1585 646 1651 Par.
673 1581 860 1672 posterioris
876 1580 1028 1650 carminis
1055 1600 1176 1666 magna

110 1700 335 1788 grammaticis
364 1699 603 1790 impedimenta
633 1707 857 1769 occurrerunt.
888 1697 947 1765 llic
966 1695 1056 1764 enim
1076 1694 1175 1782 vulgo

108 1816 264 1886 recitatur
278 1838 286 1884 ε

257 2002 386 2073 Saucius,
404 2007 491 2076 atque
506 2018 564 2059 uno
579 2002 691 2059 lumine
705 2019 800 2058 cassus
812 2018 886 2070 eras3

155 2185 174 2231 a
192 2163 337 2232 Schenkl
357 2171 487 2232 autem:

255 2340 383 2409 Saucius,
403 2343 459 2398 hoc
473 2343 607 2410 laevo....;

154 2523 176 2569 a
195 2502 391 2572 Deraimeris
412 2522 507 2572 vere:

259 2672 388 2741 Saucius,
404 2671 471 2727 inde
487 2675 594 2738 tuo....;

160 2838 200 2906 ah
220 2840 281 2908 lxt
298 2839 453 2909 tandem:

258 3013 388 3087 Saucius,
403 3016 518 3087 hocque
538 3019 634 3074 tue...

162 3189 238 3256 llum
266 3196 439 3278 postrema
469 3188 769 3259 animadversiones
801 3207 937 3257 sensum
971 3189 1184 3259 manifestum

118 3303 283 3387 efficiunt,
305 3304 502 3373 Dezeimeris
518 3325 594 3374 rere
610 3304 876 3374 emendationem
896 3305 1001 3388 male,
1028 3327 1100 3395 quae
1115 3326 1185 3375 rer-

117 3419 237 3490 berum
252 3419 518 3509 conjunctionem
530 3421 636 3508 magis
651 3421 805 3490 illustrat.

165 3536 257 3605 Nunc
272 3535 313 3604 ad
325 3535 429 3624 idyllii
445 3539 515 3619 Ill,
532 3536 573 3606 de
589 3537 775 3620 llericdolc,
793 3537 1017 3628 prelationem
1030 3536 1186 3626 preceda-

122 3671 214 3734 muS,
235 3651 329 3741 cujus
345 3653 443 3722 verba
460 3653 540 3721 «his
556 3653 703 3722 versibus
718 3653 797 3722 lusit
815 3653 992 3721 Luciliano
1007 3651 1109 3721 stilo»
1127 3653 1188 3720 cri-

125 3766 263 3837 ticorum
293 3769 486 3859 patientiam
514 3770 633 3858 saepius
667 3769 766 3837 etiam
793 3777 1013 3839 tentaverunt.
1042 3768 1188 3847 Quorum

124 3882 194 3952 loce
210 3884 406 3954 Dezeimeris
429 3912 445 3947 α
465 3889 520 3956 Ἐν
543 3902 646 3976 κυανῷ
664 3892 767 3976 στόλῳ
784 3911 801 3945 »
833 3883 1013 3973 legendum
1035 3883 1190 3953 audacter

126 4016 251 4078 censet.
288 4009 348 4077 Cui
389 4015 476 4078 certe
507 4008 603 4098 plane
633 4010 844 4091 assentimur,
880 4028 956 4077 cum
990 4009 1189 4078 sententiam

1051 4129 1067 4183 ε
