2730 4926
451 1203 623 1282 CAPUT
671 1202 928 1292 QUINTUM.

489 1542 526 1589 DE
547 1543 585 1590 RE
605 1541 731 1590 uetaret
750 1543 880 1591 busottu.

198 1869 290 1938 Nune
306 1868 476 1938 veniamus
492 1868 618 1938 adrem
631 1868 801 1938 metricam
816 1870 963 1954 Ausonii,
981 1870 1023 1940 de
1038 1891 1106 1961 qua
1122 1872 1233 1945 disse·

153 2005 265 2054 remus
291 1984 384 2074 juxta
411 1984 730 2054 commentationem
759 1986 1003 2077 philologioam,
1021 1988 1073 2057 oui
1106 1988 1230 2061 titulus

152 2100 353 2184 insoribitur,
366 2103 413 2168 De
425 2124 461 2168 re
475 2103 614 2168 meutca
625 2100 779 2185 Ausonii,
789 2109 919 2171 auctore
930 2102 1053 2171 Theob.
1064 2104 1200 2175 Raebse.
1215 2109 1226 2144 ¹
1323 2126 1327 2135 ·

152 2215 232 2285 Inde
252 2217 369 2287 elarius
383 2218 563 2308 apparebit,
590 2237 689 2306 quam
705 2216 822 2285 merito
852 2216 1030 2289 dixerimus
1050 2221 1143 2289 huno
1176 2243 1230 2291 er·

151 2333 297 2402 ohaismo
326 2353 425 2402 usum
454 2332 569 2415 fuisse,
587 2339 620 2401 et
630 2339 814 2423 poetarum,
844 2333 992 2422 Augusto
1021 2333 1227 2424 imperante,

151 2448 341 2518 florentium
354 2449 579 2518 auctoritatem
595 2456 764 2532 seeutum;
778 2455 862 2533 tum,
878 2470 951 2539 quae
965 2449 1037 2539 ejus
1051 2452 1228 2541 poeticum

151 2565 267 2636 vitient
279 2586 397 2653 genus,
415 2565 613 2635 videbimus.

195 2763 221 2831 Ι.
238 2801 281 2814 -
295 2762 471 2847 Ausonius,
489 2762 524 2830 in
539 2783 574 2832 re
589 2762 726 2832 metrica
737 2782 796 2832 sua
806 2767 978 2852 poetarum
991 2771 1144 2864 veterum
1158 2765 1228 2836 brit

150 2879 423 2963 studiosissime,
441 2879 622 2969 praesertim
639 2878 750 2963 Ennii,
771 2900 872 2968 quem
886 2878 980 2949 raldo
1001 2880 1158 2952 ademare
1174 2883 1226 2953 vi·

151 2995 259 3064 detur.
856 3070 860 3077 ,

194 3112 285 3180 Illius
299 3112 481 3182 imitatione
494 3133 680 3204 apocopam
690 3111 866 3200 aliquando
877 3111 1037 3181 adhibuit.
1047 3113 1224 3201 lnteohn.,

151 3236 325 3316 grammat.
343 3230 375 3311 3,
399 3230 452 3312 tt,
474 3232 526 3311 18,
545 3248 639 3298 voees
657 3248 733 3316 gau,
748 3228 820 3312 eoel,
840 3227 881 3295 do
900 3227 1042 3298 inseruit
1059 3249 1119 3319 pro
1136 3251 1224 3320 gau-

151 3344 256 3427 dium,
279 3345 409 3427 ooelum,
427 3344 576 3428 domum,
595 3352 656 3414 oto.

196 3460 305 3528 Tmesi
319 3481 462 3549 quoque,
487 3459 581 3548 juxte
605 3459 761 3529 eumdem
785 3460 943 3544 Ennium,
965 3467 1022 3529 aut
1036 3461 1218 3534 Lucilium.

149 3585 206 3646 aut
221 3576 422 3659 Lucretium,
438 3575 566 3645 utitur:
588 3575 647 3659 sio,
665 3577 700 3644 in
720 3574 816 3666 epist.
839 3576 877 3657 V,
899 3577 954 3660 34,
970 3575 1102 3645 soribit:

439 3743 515 3803 Villa
531 3743 637 3801 Lucani
651 3761 718 3801 mox
732 3743 853 3817 potieris
868 3761 932 3802 aco.

194 3896 351 3981 Tandem,
367 3858 632 3987 frequentissime
652 3895 922 3966 ullitterutiorrem
938 3895 1100 3985 adhibuit,
1113 3922 1222 3991 quam

183 4069 204 4117 t.
221 4066 350 4127 Beronili,
368 4065 620 4119 Muduuuxvm.
637 4094 666 4104 -
681 4065 722 4118 Cf.
735 4065 854 4118 Schenkl
869 4066 910 4118 od.
926 4066 982 4118 ind.
998 4066 1051 4119 III.
