2730 4926
592 362 766 428 ..35-

146 535 242 624 plum
255 540 330 600 11111
347 533 456 600 oculos
468 529 597 600 videtur
608 529 775 598 hahuisse.
795 527 875 595 lnde
888 530 1071 598 Ausonium
1086 542 1213 600 constat

113 719 117 723 Δ
145 650 197 718 bis
225 657 360 716 centum
391 647 460 734 agri
480 647 599 735 jugera
627 646 743 714 saltem
769 644 968 734 possedisse,
1000 647 1210 737 vineamque,

146 773 240 856 prata
256 771 288 832 11
303 784 377 832 arva
395 762 534 830 coluisse
548 763 569 828 1.

191 879 362 961 Quartum,
394 878 588 966 amplissimi
615 878 789 959 momenti,
818 875 960 944 maxime
990 876 1130 964 dignum
1161 879 1214 946 cui

148 995 427 1063 accuratissimam
455 1015 587 1083 operam
612 993 742 1061 demus.
773 993 822 1060 Ad
846 1001 1000 1082 nepotem
1030 994 1213 1062 Ausonium

140 1110 373 1201 protrepticon
400 1109 439 1176 de
459 1109 569 1176 studio
594 1108 733 1200 puerili.
762 1109 890 1177 Poetioa
922 1109 1075 1178 facultate
1096 1111 1214 1178 eximia

148 1249 226 1296 cum
251 1226 458 1309 conderetur,
479 1226 568 1293 haud
588 1248 674 1314 aegro
697 1225 731 1293 id
747 1226 881 1315 adipisci
896 1233 1025 1315 poterat
1035 1227 1211 1310 Ausonius,

147 1353 185 1411 ut
200 1343 241 1410 ad
265 1363 400 1412 sensum
419 1343 549 1432 pulchri
565 1352 598 1410 et
610 1342 765 1410 doctrina
781 1342 981 1428 elegantiam
997 1343 1213 1411 adolescentis

146 1459 279 1527 animus
302 1459 545 1526 informaretur.
568 1459 687 1545 Fulget
701 1459 791 1526 enim
811 1478 1026 1525 munerorum
1052 1458 1214 1545 elegantia

147 1582 181 1643 11
206 1594 317 1642 rerum
338 1574 503 1657 varietate,
530 1596 602 1661 qua
627 1575 700 1642 vim
715 1573 755 1640 ad
777 1582 937 1663 precepta
965 1574 1082 1641 animis
1098 1575 1213 1664 impri-

132 1690 268 1758 'menda
284 1690 455 1758 mirificam
471 1690 613 1758 hahent:
630 1690 780 1780 quaedam
796 1699 919 1772 tamen,
943 1699 981 1757 ut
994 1690 1115 1757 fatetur
1129 1691 1212 1780 ipse,

150 1806 324 1874 «fucatius
345 1807 538 1874 concinnata
568 1827 667 1894 quam
692 1808 814 1888 verius,
843 1814 876 1874 et
891 1807 965 1894 plus
981 1807 1098 1874 coloris
1114 1826 1214 1893 quam

147 1922 238 1990 succi
253 1920 386 2003 habere,
410 1922 515 2009 magis
535 1922 709 1990 venustula
726 1944 826 2010 quam
841 1922 991 1990 forticula
1007 1921 1172 1991 videntur.
1196 1948 1212 1982 »

193 2037 331 2104 Paterna
350 2037 470 2126 pietate
493 2037 625 2106 libellus
643 2038 698 2105 ille
718 2038 824 2105 adhuc
850 2045 938 2105 totus
965 2037 1110 2104 inflatur.
1136 2035 1215 2105 Vide

147 2161 271 2245 quanta
286 2161 342 2221 1111
361 2154 525 2223 suavitate
545 2175 623 2223 11111
639 2161 795 2242 nopotem
811 2181 827 2216 «
838 2153 1002 2221 mellitum
1019 2180 1036 2214 »
1051 2154 1213 2234 nominet,

148 2268 200 2336 rel
229 2268 449 2338 sollicitudine
469 2290 547 2337 eum
572 2279 610 2337 ut
635 2268 715 2337 ludo
746 2268 889 2337 deleniat
908 2269 991 2336 11111
1015 2269 1143 2350 invitet,
1165 2267 1216 2335 vel

148 2375 317 2462 vigilantia
343 2376 499 2444 eumdem
526 2376 702 2444 admoneat
720 2397 762 2443 111
782 2375 967 2444 truculento
996 2375 1145 2462 magistri
1161 2395 1216 2442 ore

152 2495 335 2559 terreatur!
364 2492 468 2570 Quam
494 2491 599 2560 fidens
627 2491 758 2579 juvenis
785 2492 894 2559 futura
918 2499 1004 2560 sorte
1024 2493 1214 2559 recreatur!

149 2608 220 2674 Jam
240 2609 342 2691 hunc,
364 2609 413 2676 avi
433 2630 500 2677 non
520 2610 763 2689 immemorem,
784 2637 800 2671 «
822 2607 923 2675 ardua
939 2628 1071 2698 semper
1084 2606 1217 2698 praemia

148 2726 346 2794 Musarum»
371 2726 572 2816 cupientem,
598 2725 689 2802 etin
718 2725 871 2794 facundia
899 2727 1112 2795 exercitatum
1136 2744 1218 2814 pra-

148 2842 253 2912 videt.

196 2960 260 3028 Sed
289 2981 356 3028 non
380 2968 448 3028 11111
472 2961 631 3050 poematis
660 2960 836 3029 festivitate
868 2969 900 3029 ot
919 2959 1015 3048 patrii
1044 2957 1219 3026 dulcedine

149 3077 282 3159 amoris,
297 3097 397 3165 quarn
413 3077 597 3174 utilissimis
609 3077 649 3144 de
666 3077 779 3144 ordine
791 3078 826 3144 in
840 3076 1088 3164 disciplinarum
1102 3072 1219 3141 studiis

150 3193 238 3282 apud
253 3193 385 3281 gallicas
405 3194 514 3282 quarti
536 3194 646 3262 saeculi
662 3194 788 3262 scholas
808 3202 933 3261 servato
948 3190 1079 3260 indiciis
1091 3211 1220 3280 permo-

151 3330 241 3377 veor.
262 3310 427 3378 Ausonius
444 3311 545 3393 enim,
570 3332 629 3400 per
653 3319 814 3400 praecepta
834 3331 906 3397 quae
922 3307 1034 3397 nepoti
1052 3306 1161 3387 tradit,
1180 3305 1220 3372 de

148 3425 216 3492 hoc
231 3446 291 3493 nos
308 3425 427 3493 erudit.

196 3541 400 3632 Discipulum
413 3543 482 3612 vult
494 3563 598 3630 graeca
612 3541 729 3630 lingua
744 3550 819 3609 ante
835 3541 941 3609 imbui
958 3561 1058 3630 quam
1084 3539 1222 3606 latinam

149 3656 285 3725 ediscat.
308 3656 401 3736 Quod
416 3658 638 3737 Quintilianus
655 3657 910 3745 diligentissime
922 3657 992 3744 jam
1010 3651 1223 3722 commenda-

181 3819 203 3866 l.
222 3817 263 3868 Cf.
279 3817 427 3881 Demcgeot
441 3817 548 3882 (Etudec
559 3833 606 3868 sur
626 3819 755 3878 Ausoune,
768 3833 794 3882 p.
811 3820 849 3872 st.
875 3818 956 3880 1838),
979 3817 1012 3865 R.
1042 3813 1223 3886 Dezeimeris

151 3897 520 3964 Correctioosetremarques,
537 3898 653 3959 3⁶serie,
669 3913 709 3962 op.
725 3899 779 3958 cit,
796 3914 823 3962 p.
847 3901 889 3954 78.
912 3925 942 3934 -
967 3896 1036 3946 Vide
1062 3895 1095 3945 de
1121 3893 1224 3944 Villuloe

153 3979 211 4029 situ
225 3981 252 4028 et
265 3978 298 4028 R.
309 3979 484 4040 Dezeimeris‚
498 3978 715 4042 (Comote-readu
724 3978 881 4031 (1111111111
894 3977 925 4028 de
940 3975 1098 4027 l'tlcademfe
1113 3974 1146 4024 de
1158 3974 1223 4023 Bor-

156 4056 254 4120 deauo,
267 4072 295 4123 p.
311 4060 350 4118 u,
368 4059 448 4124 1868.)
