2730 4926
570 359 726 416 ..5-

118 526 180 588 ret.
202 518 295 588 Urbis
315 519 414 607 hujus
430 519 559 602 schola,
578 527 694 608 quarto
705 519 835 601 saeculo,
853 519 953 588 totius
965 521 1074 589 Galliae
1088 529 1182 589 erant

117 635 358 705 illustrissima.
385 634 528 722 Triginta
544 634 672 702 circiter
692 633 903 724 professores,
921 657 997 705 cum
1019 639 1178 719 rhetores

118 757 190 818 tum
200 751 417 838 grammatici,
431 750 686 838 graecolatinove
706 771 858 818 sermone
870 751 905 817 in
921 750 961 819 iis
977 750 1179 820 adbonestas

118 873 203 934 artes
222 866 381 955 plurimos
406 866 629 933 adolescentes
653 865 884 934 informabant.
918 866 1062 945 Quarum
1091 875 1181 935 tanta

116 980 355 1071 praedicabatur
373 981 540 1061 nobilitas
566 988 603 1048 ut
621 981 813 1068 alienigenae
835 980 932 1064 docti,
954 982 1065 1049 Citarii
1078 982 1181 1051 instar

118 1097 231 1179 Siculi,
256 1097 431 1186 aliquando
457 1096 626 1165 cathedras
650 1096 696 1165 ibi
719 1097 950 1178 affectaverint,
968 1098 1104 1186 aliaque
1118 1099 1181 1167 im·

116 1214 200 1304 perii
214 1214 311 1282 urbes
325 1213 484 1302 quosdam
492 1213 702 1302 professores,
714 1221 769 1281 aut
777 1215 890 1281 saltem
907 1216 1069 1298 alumnos,
1080 1236 1180 1283 aemu-

115 1329 247 1398 lationis
265 1350 372 1411 causa,
386 1329 425 1396 ad
446 1351 480 1396 se
493 1329 735 1397 transferendos
755 1329 932 1418 deprecatae
949 1331 1026 1398 sint.
1043 1333 1088 1399 Ex
1117 1333 1179 1400 hoc

117 1447 289 1532 gymnasio
311 1446 451 1533 juvenes
469 1453 597 1512 exortos
621 1444 661 1511 ad
676 1465 846 1512 summum
864 1448 1028 1513 honorum
1047 1448 1179 1515 culmen

117 1560 235 1649 saepius
263 1571 390 1630 evectos
422 1560 529 1628 videre
563 1570 632 1628 erat
665 1581 673 1628 :
702 1562 864 1630 Ausonius
895 1562 984 1628 enim
1017 1563 1176 1646 Minervii,

121 1702 133 1735 ι
157 1677 330 1745 uoluminis
346 1677 540 1764 Burdigala,
567 1706 578 1739 a
599 1677 787 1745 cathedram
803 1679 848 1746 ita
861 1680 1004 1747 celebrat
1020 1700 1028 1747 :

258 1950 332 2007 blille
347 1951 410 2006 loro
426 1950 508 2006 dedit
520 1951 583 2006 haee
590 1951 721 2022 juvenes,
738 1949 782 2006 bis
797 1950 876 2008 mille
892 1954 1008 2008 senatus

276 2041 388 2113 adjecit
401 2056 532 2111 numero,
549 2041 758 2114 purpureisque
772 2041 849 2112 togis
863 2042 883 2098 ¹.

161 2311 308 2378 Primum
332 2306 494 2376 Ausonius
527 2307 816 2396 Burdigalensibus
848 2307 1051 2378 auditoribus
1068 2331 1176 2397 gram-

114 2426 258 2496 maticen
279 2424 423 2492 tradidit.
448 2425 552 2502 Quem
572 2444 646 2491 vero
667 2423 919 2510 grammaticum
935 2433 1060 2493 veteres
1080 2426 1175 2494 intel-

112 2542 277 2632 ligebant?
289 2543 372 2608 llum
388 2539 485 2607 modo
498 2561 516 2607 a
531 2560 594 2626 quo
610 2559 690 2628 pure
707 2546 739 2606 et
755 2539 928 2609 emendate
944 2551 997 2609 aut
1012 2542 1175 2612 scribendi

112 2667 170 2729 aut
189 2656 319 2724 dicendi
333 2655 574 2744 accipiebantur
589 2659 770 2744 praecepta?
794 2654 887 2733 Quod
902 2656 1038 2725 verbum
1054 2658 1174 2725 rectius

112 2772 422 2862 interpretabantur.
456 2771 631 2838 Suetonius
662 2790 844 2858 omnesque
858 2772 1062 2858 grammatici
1079 2771 1176 2861 scrip-

113 2897 198 2958 tores
213 2889 385 2956 manifesto
405 2886 582 2968 declarant,
604 2894 671 2954 arte
687 2887 899 2974 grammatica
921 2890 1070 2956 omnium
1099 2896 1171 2956 aeta-

112 3008 154 3076 tis
187 3007 327 3094 antiquae
357 3026 493 3092 operum
526 3004 828 3092 interpretationem
861 3024 1112 3092 censuramque,
1141 3013 1174 3073 et

111 3131 282 3214 poetarum
296 3121 519 3189 recitationem
554 3119 816 3208 explicatumque
836 3120 1008 3197 contineri,
1034 3119 1172 3207 ejusque

113 3257 266 3308 essenon
282 3237 389 3311 solum
421 3237 544 3323 legere,
565 3233 623 3304 sed
643 3254 828 3322 comparare
853 3254 889 3301 ac
904 3232 1064 3321 judicare.
1087 3237 1172 3302 Duas

68 3356 71 3360 ’
112 3355 202 3423 enim
218 3361 337 3443 partes,
359 3372 478 3441 nempe
504 3350 717 3441 philologiam
746 3358 779 3418 et
808 3370 992 3434 censuram,
1026 3372 1173 3439 compre-

112 3469 278 3539 hendebat
293 3467 496 3557 grammatici
511 3487 646 3535 munus.

157 3585 336 3672 Philologia
348 3583 597 3671 autemlongius
613 3580 806 3651 crateribus
817 3579 1055 3669 producebatur
1069 3600 1170 3670 quam

112 3703 211 3790 vulgo
231 3700 392 3770 creditum
407 3707 467 3768 est.
502 3699 527 3768 li
546 3699 636 3768 enim
656 3697 724 3766 fera
743 3718 858 3766 omnes
874 3697 1108 3766 controversias
1129 3697 1169 3765 ad

113 3818 397 3906 grammaticasres
410 3814 624 3895 reducebant;
634 3832 732 3902 quare
744 3813 785 3880 M.
799 3812 917 3881 Fabius
929 3811 1039 3897 lutuno
1050 3813 1168 3891 oratori

144 4067 166 4115 l.
181 4065 265 4123 Prot,
280 4079 297 4113 1.
