2730 4926
587 429 785 496 -lce-

196 599 352 689 idyllium
371 597 507 688 quidem
529 599 601 669 XIV
616 595 732 688 (Rosa)
748 603 781 665 et
799 597 935 667 Ausonii
955 619 1036 688 opus
1055 605 1212 694 negatum

145 715 233 785 illud
247 723 358 789 tamen
379 713 720 797 animadvertendum,
741 714 944 784 substantiva
957 715 1100 785 verbalia
1115 717 1150 785 in
1164 728 1215 786 tor

147 833 338 905 desinentia
351 831 439 922 apud
457 832 612 899 Nostrum
628 830 907 920 frequentissima.

195 948 288 1028 Quod
303 948 330 1017 si
347 967 436 1016 nunc
454 947 626 1017 veniamus
645 945 686 1014 ad
710 967 781 1015 rem
807 947 990 1028 metricam,
1004 947 1039 1017 in
1064 950 1126 1017 hoc
1146 969 1214 1016 car·

147 1064 239 1133 mine
258 1063 391 1134 easdem
410 1064 553 1132 metricae
581 1062 658 1131 artis
678 1063 770 1150 leges
798 1083 834 1132 ac
859 1064 1071 1147 mutationes,
1095 1065 1215 1154 quibus

146 1181 312 1249 Ausonius
325 1181 374 1252 uti
387 1179 523 1263 solebat,
539 1179 753 1268 reperiemus.
773 1181 833 1262 lta,
850 1181 1032 1249 hexametri
1043 1182 1148 1250 exitus
1163 1182 1215 1250 vel

148 1295 457 1386 quinquesyllahus,
489 1296 541 1364 vel
561 1296 596 1363 in
611 1295 705 1364 binas
726 1315 821 1364 voces
834 1297 1088 1385 monosyllabae,
1112 1299 1163 1367 vel
1181 1298 1216 1366 in

147 1412 376 1504 pyrrhichium
387 1432 462 1482 cum
474 1411 631 1502 spondes,
643 1411 764 1501 quihus
774 1412 1035 1483 omnibusneevis
1048 1421 1116 1482 tam
1131 1434 1216 1504 saepe

146 1528 255 1598 Nostri
270 1529 415 1598 carmine
430 1528 599 1610 vitiantur,
627 1528 663 1595 in
687 1549 738 1597 vv.
766 1531 798 1611 9,
816 1531 871 1612 52,
895 1532 950 1613 59,
968 1531 1032 1614 76,
1057 1530 1213 1599 comitur.

150 1648 248 1728 ltem,
264 1645 357 1715 elisio
378 1644 413 1712 in
429 1644 544 1733 quinto
562 1645 613 1713 vel
628 1644 734 1735 primo
754 1644 850 1735 pede,
868 1667 918 1714 vr.
942 1648 994 1727 ll,
1012 1649 1067 1729 40,
1085 1649 1139 1727 dl,
1158 1649 1213 1730 65,

149 1765 206 1844 23,
222 1765 264 1831 80
280 1761 470 1844 exhibetur;
484 1769 626 1850 quatuor
635 1761 788 1830 elisiones
804 1761 839 1829 in
849 1782 916 1830 uno
930 1782 1027 1831 versu
1042 1765 1084 1830 52
1099 1769 1215 1831 notan-

149 1885 222 1960 tur;
239 1898 370 1947 caesura
384 1878 476 1966 leges
486 1878 521 1945 in
545 1899 595 1947 vv.
614 1879 647 1960 3,
664 1879 705 1946 sl
725 1880 781 1960 52,
804 1879 860 1960 65,
881 1881 1007 1947 'iinon
1030 1886 1212 1948 servantur.

148 1994 198 2062 uh
214 1994 367 2063 omnihus
382 2014 459 2063 vero
469 1993 661 2082 hujusmodi
681 1993 768 2063 vitiis
782 1993 964 2063 Ausonium
981 2015 1048 2063 non
1068 1996 1214 2064 alienum

148 2109 251 2179 fuisse
266 2110 337 2199 jam
350 2109 579 2179 indicavimus.

194 2225 351 2309 Tandem,
399 2226 554 2295 Paulinus
594 2226 761 2309 Pellaeus,
805 2224 1033 2294 Euchariston
1070 2226 1215 2298 condens

147 2342 356 2434 prooemium,
387 2362 463 2410 cum
492 2342 650 2424 illustres,
679 2341 736 2430 qui
762 2341 1016 2432 Ephemeridem
1048 2351 1216 2431 gestorum

148 2479 285 2528 suorum
316 2458 483 2528 memoriae
503 2458 574 2546 jam
608 2457 824 2540 tradiderunt,
857 2458 942 2526 viros
967 2466 1140 2543 memorat,
1167 2460 1217 2530 avi

147 2573 285 2665 quidem
313 2573 567 2665 Ephemeridem
583 2582 658 2642 ante
687 2575 799 2642 oculos
830 2581 917 2643 certe
942 2575 1061 2658 hahet;
1085 2584 1216 2646 etcum

147 2691 362 2782 paenitentem
373 2691 473 2761 vitem
485 2691 556 2780 jam
567 2692 646 2780 agit,
659 2699 854 2780 sanctasque
870 2712 964 2761 voces
980 2693 1078 2763 modo
1093 2694 1214 2777 fundit,

148 2806 301 2896 ejusdem
330 2807 380 2877 avi
410 2807 591 2876 orationem
620 2807 798 2896 quamdam
825 2809 896 2877 sine
917 2808 1017 2877 dubio
1038 2810 1211 2898 significat.

148 2923 241 3002 Quod
255 2923 390 2992 infitiari
409 2944 476 2991 non
491 2924 633 3008 licuerit,
651 2924 679 2993 si
695 2946 722 2990 v.
741 2927 781 2992 31
798 2925 992 2993 Ausonianae
1009 2926 1165 2996 orationis
1187 2948 1194 2994 :

290 3103 343 3171 Da,
360 3103 457 3170 Pater,
474 3100 612 3157 invictam
627 3103 729 3157 contra
744 3100 844 3157 omnia
858 3100 982 3158 erimina
1002 3105 1142 3174 mentem,

147 3256 178 3306 v.
194 3238 258 3305 602
278 3236 494 3304 Euchariston
510 3235 718 3304 conseratur:

288 3389 340 3456 Da,
349 3403 463 3460 precor,
477 3386 654 3459 intrepidam
666 3389 767 3443 contra
777 3388 875 3444 omnia
886 3388 981 3446 tristia
992 3391 1132 3445 mentem.

192 3531 349 3600 Paulinus
365 3531 456 3599 enim
472 3530 664 3600 adverbum
680 3551 778 3600 avum
797 3531 958 3601 imitando
974 3531 1144 3622 expressit.

192 3647 317 3726 Quibus
342 3646 546 3736 argumentis
572 3648 764 3738 perspectis,
798 3648 1024 3738 Ephemeridis
1054 3648 1155 3718 oratio
1175 3648 1215 3717 ab

146 3763 291 3834 Ausonio
308 3765 379 3834 sine
393 3763 612 3833 controversia
628 3763 758 3832 condita
770 3764 844 3833 luit.

191 3929 224 3994 2.
246 3926 365 3995 Versus
389 3945 566 3993 pesculum.
584 3963 627 3974 -
653 3927 750 4008 ltem,
768 3925 809 3994 de
829 3925 1039 3994 Paschalihus
1067 3925 1215 3995 versibus

149 4042 191 4111 oh
207 4040 341 4111 easdem
357 4062 470 4110 causas
494 4040 702 4131 dijudicabo;
720 4062 820 4131 quare
840 4041 881 4110 de
899 4044 959 4111 hec
972 4063 1007 4111 re
1021 4062 1123 4133 pauca
1142 4063 1214 4131 quae

148 4163 334 4247 sequuntur
348 4157 487 4230 tradam.
