2730 4926
624 392 801 460 ..72-

220 563 256 631 3⁰
278 559 395 632 Verba.
415 594 461 613 -
479 558 620 649 dignare
634 581 693 652 pm
716 559 845 649 dignari
870 560 987 654 (Epist.
1008 560 1088 646 XVI,
1118 563 1197 657 60.)
1213 602 1253 617 -

178 674 365 747 Reminisco
378 714 421 727 -
439 674 633 745 reminiscor
656 675 780 767 (Epigr.
802 676 934 762 XLVIII,
953 677 1021 769 49).

223 907 275 994 ffl·
302 945 345 958 —
372 908 468 985 Tum,
497 907 661 976 Ausonius
693 907 729 977 in
756 907 930 977 nominum
963 907 1251 979 substantivorum

177 1032 234 1093 aut
252 1023 488 1113 adjectivorum
508 1022 737 1106 declinatione,
760 1031 793 1094 et
819 1023 854 1093 in
881 1023 1057 1095 verborum
1085 1024 1251 1116 conjuga·

176 1140 277 1225 tione,
295 1139 420 1230 aliquid
431 1140 626 1209 inusitatum
639 1140 817 1224 affectavit;
840 1140 931 1211 verbi
946 1141 1050 1231 gratia
1065 1163 1073 1210 :

221 1257 322 1327 Voces
336 1256 520 1327 litterarum
531 1257 621 1342 heta,
637 1279 780 1346 gamma,
798 1257 942 1342 delta...,
960 1279 1041 1348 quas
1056 1258 1251 1329 secundum

175 1371 316 1464 primam
337 1372 591 1445 declinationem
618 1373 709 1443 flexit
735 1372 841 1464 (idyll.
864 1375 933 1458 XII,
960 1374 1188 1465 demones).
1209 1416 1253 1430 —

178 1490 235 1559 Die
253 1511 312 1581 pro
328 1490 405 1574 diei,
430 1492 465 1561 in
485 1490 637 1580 genetivo
653 1511 730 1561 casu
746 1489 827 1581 (Ecl.
850 1490 891 1560 de
907 1499 968 1561 rat.
989 1491 1078 1575 liba,
1098 1494 1187 1585 31.)
1206 1533 1251 1547 -

179 1607 260 1676 Soloe
275 1627 333 1696 pro
353 1608 455 1676 solius
480 1606 582 1697 (prael.
605 1609 713 1690 (ient,
735 1605 828 1696 idyll.
854 1607 964 1696 XIII).
983 1647 1026 1659 —
1042 1608 1194 1699 Utroque
1210 1651 1254 1665 —

179 1722 310 1813 utrique
327 1722 420 1814 (prol.
445 1723 498 1806 III,
517 1723 576 1814 6.).
593 1722 759 1792 -Neutri
773 1761 816 1772 -
831 1723 981 1793 neutrius
1002 1723 1123 1813 (epigr.
1141 1728 1176 1810 t,
1201 1729 1250 1815 6).

178 1876 222 1889 -
238 1840 410 1927 Cythereie
431 1837 541 1928 (Idyll.
567 1839 645 1921 VIII,
672 1837 745 1921 26);
769 1838 882 1907 Martie
904 1838 1001 1930 (Glar.
1024 1839 1103 1909 Urh.
1129 1840 1250 1935 XIII,),

177 1975 235 2045 pro
248 1956 400 2043 Cytherei
416 1963 448 2024 et
463 1955 568 2038 Marti,
584 1955 618 2022 in
634 1954 779 2024 vocativo
795 1976 884 2024 casu.

222 2069 392 2162 Participia
416 2071 575 2140 nonnulla
591 2069 829 2160 deponentium
850 2071 1037 2154 verborum,
1054 2091 1129 2160 quae
1158 2074 1252 2164 apud

177 2185 317 2276 optimos
333 2185 506 2277 scriptores
522 2186 660 2256 activam
680 2186 956 2275 significationem
970 2187 1105 2271 hahent,
1128 2188 1170 2257 ab
1182 2190 1252 2259 Au·

177 2302 269 2372 sonic
288 2303 416 2394 passiva
431 2303 564 2371 notione
579 2304 790 2393 proferuntur
805 2323 812 2371 :
837 2301 991 2393 Bipertita
1006 2300 1171 2393 (Perioch.
1192 2307 1249 2399 II.)

177 2458 220 2470 —
231 2419 374 2489 Mentitis
390 2419 507 2508 (epigr.
523 2417 667 2502 CXXXV,
686 2417 732 2508 a).
749 2456 792 2469 —
808 2417 914 2487 Oblita
927 2417 1051 2508 (Epigr.
1069 2418 1161 2503 XIII,
1183 2424 1248 2506 17;

180 2532 273 2623 idyll.
296 2535 348 2619 IV,
366 2533 437 2625 52.)
1009 2552 1012 2559 '

222 2650 258 2717 In
274 2649 392 2733 verbis,
409 2650 556 2719 insuetas
569 2649 838 2738 conjugationum
852 2650 972 2717 formas
984 2649 1182 2740 reperimus:
1203 2691 1250 2704 -

178 2767 259 2839 Face
278 2786 336 2856 pro
352 2766 401 2835 lac
425 2765 549 2856 (Epigr.
576 2768 698 2849 LXXX,
715 2765 776 2857 l.).
799 2804 843 2816 —
864 2765 1052 2835 Redimihat
1074 2788 1134 2857 pro
1162 2769 1252 2838 redi-

177 2880 299 2951 miebat
340 2882 470 2973 (Epigr.
509 2881 621 2966 xciv,
659 2882 717 2973 1.).
756 2922 798 2933 -
836 2882 987 2973 Sapilibis
1022 2922 1065 2933 -
1099 2886 1250 2975 sepelies

179 2996 294 3088 (Epist.
306 2999 397 3083 XXV,
415 2999 483 3089 cl).
509 3039 552 3052 -
567 2999 680 3069 Sinisti
700 2999 861 3070 -sivisti
881 2999 979 3090 (Prol.
993 3000 1089 3083 XVII,
1109 3000 1178 3094 15).

224 3198 276 3268 IV.
304 3235 347 3248 -
380 3197 501 3267 Praeter
526 3200 608 3283 hec,
635 3200 817 3267 archatsmo
855 3197 1021 3267 Ausonius
1054 3217 1252 3269 sermonem

181 3336 278 3385 suum
294 3315 459 3386 maculare
477 3338 544 3384 non
561 3315 733 3387 dubitavit.
754 3315 847 3397 Quod
862 3314 978 3385 vitium
994 3313 1132 3404 quidem
1146 3315 1254 3407 scrip·

168 3410 318 3516 toribus,
333 3433 469 3502 Ausonii
485 3433 602 3502 seculo
618 3432 824 3516 llorentihus,
846 3452 1022 3501 commune
1037 3437 1116 3516 erat,
1141 3439 1181 3500 ut
1194 3453 1253 3502 su-
1354 3448 1358 3457 ·

180 3549 410 3639 prediximus,
441 3569 478 3618 ac
508 3548 790 3637 quemadmodum
806 3547 1035 3636 Symmachus,
1060 3547 1110 3617 vir
1137 3546 1254 3617 erudi-

180 3665 276 3735 tionis
292 3686 434 3755 mcgnae,
451 3665 581 3734 latetur.
601 3664 751 3755 ¹Itaque,
766 3663 879 3732 multis
896 3661 1074 3745 vocabulis,
1105 3664 1158 3732 vel
1184 3670 1253 3734 ter-

176 3782 356 3852 minatione
371 3802 489 3852 vocum
499 3789 532 3851 et
544 3780 775 3865 declinatione,
785 3781 882 3870 paulo
890 3779 996 3868 magis
1011 3778 1125 3873 priscis
1137 3787 1253 3873 atque

177 3898 344 3983 obsoletis,
360 3919 440 3970 usus
460 3906 523 3968 est.
646 3920 648 3925 ·

214 4082 238 4133 I.
254 4077 343 4147 Epist.
359 4076 413 4141 ΙΙΙ,
429 4079 468 4130 lt.
