2730 4926
587 357 763 423 ..62-

144 535 305 617 poemata,
324 525 370 594 sio
388 525 573 594 illaboratos
589 544 702 594 versus
719 524 814 613 quasi
830 543 847 592 e
866 522 957 591 sonte
971 521 1161 613 promebat,
1178 532 1213 591 ut

146 643 300 733 griphum
319 640 451 710 temerii
480 640 610 709 numeri
643 641 729 708 intra
751 661 849 708 omne
884 637 1027 728 ternpus,
1054 659 1093 708 ac
1128 642 1214 708 Cen-

145 766 258 828 tonem
277 758 459 848 nuptialem
475 755 527 825 die
543 777 609 824 uno
626 766 658 825 et
677 755 786 825 addita
811 755 1039 824 lucubratione
1068 755 1215 825 condere

141 864 288 964 ‘potuerit
304 895 312 942 ε
327 873 404 942 inde
420 874 458 941 fit
476 881 514 942 ut
528 873 630 962 ipsius
645 893 750 960 genus
778 871 908 940 dicendi
936 871 1048 956 molle,
1078 893 1215 963 promp-

145 999 217 1059 tum
244 1010 280 1058 ao
290 989 457 1080 profluens
470 989 559 1057 haud
572 988 737 1057 immerito
754 996 960 1077 agnoscatur.

191 1109 236 1175 Ne
251 1107 353 1195 igitur
366 1106 494 1174 mireris
511 1105 598 1195 quod
614 1106 757 1175 carmina
773 1105 846 1195 ejus
863 1106 1027 1194 elegantia
1041 1113 1076 1174 et
1092 1127 1217 1176 venus-

145 1232 212 1293 tate
237 1223 401 1291 habentur
425 1223 704 1312 prestantissima.
737 1225 774 1291 ln
801 1223 879 1291 locis
908 1223 1061 1302 maxime,
1091 1224 1216 1312 quibus

147 1360 199 1408 res
219 1338 434 1429 depingenda
464 1346 552 1421 sunt,
574 1339 700 1427 ingenii
720 1339 914 1408 suavitatem
933 1360 969 1408 ao
989 1339 1127 1430 poeticae
1149 1339 1218 1407 dic-

147 1456 245 1524 tionis
259 1454 481 1538 dulcedinem,
489 1457 585 1545 plane
598 1455 639 1523 ad
650 1463 799 1524 veterum
808 1456 968 1524 rationem
981 1456 1215 1546 compositam,

148 1574 291 1656 exhibet,
303 1581 399 1664 prout
409 1572 548 1642 Mosella
563 1579 596 1642 et
606 1572 775 1662 Cupidinis
792 1573 879 1642 cruci
889 1572 985 1642 adfixi
999 1579 1115 1660 totque
1138 1573 1219 1641 alio-

148 1709 222 1758 rum
242 1687 478 1778 descriptiones
493 1688 583 1756 haud
596 1711 682 1777 aegre
702 1696 898 1758 monstrant.

192 1805 339 1873 iamvero
359 1805 523 1872 Ausonius
544 1805 696 1895 praeclara
716 1804 900 1874 eruditione
922 1812 954 1873 et
970 1802 1120 1874 doctrina
1151 1813 1219 1874 tam

149 1928 283 1990 ornatus
302 1927 382 2003 erat,
413 1928 450 1988 ut
477 1941 607 1989 summa
636 1922 789 1990 varietate
820 1943 917 2011 opera
938 1921 1121 2004 illustrarit,
1143 1922 1219 1989 nul-

148 2037 281 2126 lamque
291 2037 359 2106 fere
368 2038 586 2106 humanitatis
602 2047 705 2106 artem
715 2037 911 2108 intentatam
926 2038 1109 2128 reliquerit.
1124 2037 1220 2117 Quod

150 2154 321 2222 confirmat
341 2154 427 2222 Elias
449 2153 598 2231 Vinetus,
621 2155 656 2221 in
681 2154 833 2223 editionis
859 2153 937 2222 anni
956 2153 1084 2221 MDCIV
1104 2154 1221 2244 praefa-

149 2271 238 2339 tione
258 2269 393 2338 dioens:
415 2299 431 2333 a
452 2270 584 2337 Nullam
597 2272 760 2339 Ausonius
777 2270 982 2359 disciplinam
992 2270 1218 2358 ignoravit...;

149 2387 226 2455 hino
245 2386 279 2454 in
300 2386 371 2474 ejus
387 2386 515 2477 scriptis
530 2387 635 2455 multa
651 2408 685 2456 se
699 2387 842 2455 ostendit
857 2395 890 2454 et
904 2387 991 2455 varia
1005 2385 1162 2469 eruditio,
1184 2393 1223 2454 ut

150 2500 252 2569 cuivis
268 2500 390 2587 legenti
411 2522 478 2569 ncn
502 2502 614 2569 statim
630 2507 753 2590 queant
767 2499 919 2587 intelligi.
939 2499 1053 2579 »Quid
1080 2519 1159 2568 vero
1180 2498 1222 2567 ad

149 2614 319 2682 historiam
338 2624 394 2682 aut
413 2616 649 2706 geographiam
662 2617 838 2684 contulerit
853 2614 1004 2704 diligenti
1020 2635 1098 2684 cura
1121 2637 1225 2706 supra

151 2730 336 2798 notavimus
358 2752 365 2812 ;
388 2751 454 2798 non
477 2739 588 2799 autem
612 2732 702 2800 hisce
725 2730 904 2822 disciplinis
929 2731 1027 2800 modo
1050 2729 1220 2815 incubuit,

151 2845 210 2915 sed
226 2846 324 2914 etiam
335 2847 463 2930 ceteris,
475 2868 595 2937 nempe
606 2848 846 2916 mathematicis
860 2856 893 2916 et
909 2846 1102 2915 sideralibus
1113 2847 1225 2916 soien-

150 2962 216 3046 tiis,
239 2963 460 3051 mythioisque
494 2962 626 3046 fabulis,
649 2985 684 3032 ao
717 2964 857 3031 naturali
888 2962 1053 3053 sapientiae
1083 2983 1224 3052 operam

153 3079 282 3146 navavit
309 3080 602 3149 accuratissimam.
631 3079 721 3149 hdde
753 3079 842 3169 quod
860 3079 894 3146 in
920 3080 1010 3148 omni
1034 3080 1225 3147 carminum

153 3212 285 3281 genere,
305 3196 356 3263 vel
376 3195 488 3282 lyrico,
507 3195 558 3264 vel
579 3195 740 3277 bucolico,
771 3195 821 3262 vel
846 3194 988 3277 satirico,
1014 3194 1065 3262 vel
1079 3194 1220 3282 tragico,

154 3309 413 3378 exercitassimus
441 3309 524 3378 fuit:
551 3331 614 3398 qua
642 3308 1042 3398 indefessainvestigandi
1064 3309 1228 3398 patientia

152 3422 267 3511 legens
296 3424 340 3493 ita
375 3424 549 3493 artificiose
570 3432 746 3506 recreatur,
777 3431 813 3491 ut
842 3425 957 3493 Noster
981 3422 1100 3512 soepius
1133 3424 1223 3492 ultra

152 3539 290 3607 modum
306 3541 407 3609 aetatis
425 3560 491 3608 sue
511 3541 716 3628 ingeniosus,
739 3539 912 3623 facundus,
939 3541 1072 3629 elegans
1104 3561 1142 3608 ao
1159 3562 1223 3608 nu·

153 3656 479 3726 merosusvidectur.

197 3772 360 3841 Ausonius
381 3772 514 3841 tandem
531 3773 658 3862 ingenii
678 3772 770 3843 dotes
787 3774 955 3864 praeclaras
976 3775 1080 3842 multa
1100 3781 1171 3843 arte
1196 3783 1232 3844 et

154 3887 336 3958 imitatione
356 3888 535 3958 meliorum
549 3897 721 3980 poetarum
736 3891 921 3982 perpolivit,
944 3909 1049 3978 quare
1060 3888 1154 3957 idem
1172 3891 1230 3959 tti-

157 4009 254 4072 nctus
269 4003 340 4074 looo
360 4006 457 4075 citato
477 4004 517 4074 de
536 4008 598 4076 hoc
614 4027 758 4076 asserere
777 4028 844 4075 non
857 4005 1044 4076 dubitavit:
1065 4033 1082 4068 «
1103 4005 1230 4076 Omnes
