2730 4926
591 375 766 443 ..94-

147 540 1217 633 consulatum,viamstravitGratianipraeceptor,amplissimaque

147 659 324 748 dignitates
354 666 387 727 et
415 659 589 726 innumera
614 654 774 724 beneficia
803 652 947 741 benigne
971 651 1217 741 liberaliterque

148 775 183 843 in
208 774 390 844 Ausonium
417 773 531 854 effusa,
550 792 648 860 quam
680 768 767 859 apud
792 769 1025 858 imperatorem
1050 788 1217 858 suumque

148 890 323 980 disciplum
338 897 425 959 esset
438 895 602 979 acceptus,
622 888 717 955 focile
736 892 910 955 testantur.

192 1010 238 1077 lle
254 1008 394 1077 auctoris
410 1027 485 1076 uero
505 1005 609 1074 nostri
627 1003 786 1092 religione
817 1011 851 1072 et
868 1003 1031 1093 probitate
1051 1001 1128 1072 fuse
1144 1003 1220 1072 late·

149 1146 214 1214 que
230 1124 480 1215 disputavimus.
514 1123 614 1190 Multa
638 1121 728 1190 enim
753 1119 979 1208 congessimus
1008 1127 1218 1208 argumenta,

150 1242 270 1330 quibus
279 1240 354 1329 jure
371 1239 588 1308 contendatur
603 1237 825 1306 Christianum
842 1235 1004 1305 exstitisse
1021 1236 1218 1320 Ausonium,

149 1357 303 1444 maleque
318 1355 399 1423 fulta
416 1355 662 1423 demonstretur
690 1350 950 1421 adversariorum
980 1352 1161 1420 sententia.
1185 1353 1222 1418 tt

150 1480 250 1555 certe,
266 1472 327 1541 etsi
341 1493 412 1541 rom
425 1471 459 1538 in
483 1468 754 1560 disceptationem
770 1468 882 1536 venire
906 1487 1002 1556 posse
1026 1467 1223 1556 neutiquam

151 1588 359 1670 arbitramur,
376 1586 519 1655 latemur
534 1584 792 1674 tamenplurima
807 1584 842 1651 in
856 1591 960 1674 poetae
975 1581 1222 1670 Burdigalensis

151 1705 304 1796 operibus
322 1723 491 1772 occurrere
506 1702 625 1771 lasciva
640 1710 672 1770 et
686 1699 845 1790 procacia,
864 1720 936 1789 qua
959 1698 1101 1767 minime
1115 1700 1225 1768 Chris·

149 1819 278 1886 tianum
294 1815 424 1897 decent,
440 1815 520 1904 quin
536 1814 634 1883 etiam
649 1813 742 1904 (adeo
758 1814 792 1880 in
808 1821 940 1905 turpem
955 1814 1136 1884 verborum
1153 1814 1223 1883 ohs-

152 1934 328 2003 cenitatem
344 1939 438 2022 turpe
454 1930 572 2021 saepius
589 1930 752 1999 delabitur
774 1931 919 2022 carmen)
938 1931 1111 2022 protanam
1133 1930 1226 1999 redo·

152 2051 224 2119 lent
248 2049 456 2138 religionem.
479 2048 555 2127 Quae
570 2067 645 2116 vero
675 2047 798 2128 omnia,
823 2057 860 2114 ut
873 2047 944 2136 jam
960 2040 1121 2129 diximus,
1153 2067 1228 2115 cum

152 2166 253 2255 longo
277 2175 426 2235 veterum
452 2165 649 2233 commercio
678 2163 858 2232 instructus
883 2171 917 2232 et
939 2162 1103 2245 imbutus,
1140 2159 1230 2231 haud

152 2281 246 2349 aliter
272 2303 308 2350 ac
324 2280 518 2351 eorumdem
534 2288 722 2370 temporum
742 2280 897 2367 aequaleS,
919 2280 1080 2368 priorum,
1095 2275 1230 2368 Virgilii

152 2396 288 2478 scilicet,
305 2398 459 2480 Terentii,
476 2397 611 2478 Horatii,
628 2395 745 2477 Ovidii,
763 2395 970 2484 aliorumque
986 2402 1019 2465 et
1039 2416 1112 2482 rem
1134 2415 1228 2464 usur·

151 2534 229 2603 pare
246 2520 459 2601 mentemque
488 2511 659 2581 exhaurire
680 2519 713 2580 et
733 2511 826 2600 quasi
842 2512 974 2580 ebihere
998 2511 1116 2580 solitus
1140 2517 1226 2580 essct

153 2626 331 2709 Ausonius,
357 2628 424 2695 sive
443 2629 479 2694 in
497 2635 626 2695 atatem
649 2628 730 2695 luxu
745 2626 966 2710 diffluentem,
985 2627 1052 2723 sive
1083 2626 1119 2693 in
1156 2647 1231 2717 poe·

155 2751 224 2810 tam
251 2750 284 2810 et
310 2742 479 2811 rhetorica
508 2743 687 2832 disciplina
727 2744 908 2826 doctorem,
938 2742 1088 2811 formulae
1112 2743 1229 2832 priscis

156 2856 276 2925 tabulis
314 2863 542 2927 consentanea
570 2857 707 2926 minime
734 2859 887 2941 oblitum,
913 2857 1023 2948 potius
1044 2855 1230 2926 redundare

41 3064 47 3071 Β
157 2951 320 3043 videntur.

202 3088 295 3168 Quod
310 3091 337 3158 si
354 3098 429 3159 'vero
450 3089 592 3159 dubitari
616 3089 720 3180 possit
739 3112 781 3158 an
799 3089 999 3160 Christianos
1015 3110 1124 3160 mores
1140 3089 1231 3180 peni-

156 3213 211 3272 tus
226 3204 351 3274 inlusos
364 3206 528 3289 hahuerit,
542 3229 600 3296 pro
617 3215 705 3275 certo
719 3205 911 3295 ponendum
922 3215 973 3275 est
986 3208 1106 3274 miram
1121 3207 1160 3274 in
1178 3227 1232 3296 pa·

157 3328 281 3402 rentes,
298 3329 405 3405 natos,
422 3323 584 3412 sanguine
601 3322 808 3413 conjunctos,
821 3324 1024 3412 amicosque,
1033 3323 1194 3414 pietatem
1202 3330 1233 3392 et

159 3435 318 3505 eximium
347 3459 492 3507 amorem
513 3440 548 3507 in
572 3440 716 3508 Ausonio
737 3439 881 3528 viguisse
904 3439 1018 3528 3quod
1046 3460 1115 3507 non
1134 3438 1233 3508 modo

158 3573 198 3621 ex
217 3553 382 3641 operibus,
395 3554 540 3644 epistolis
557 3556 681 3624 scilicet
695 3556 946 3639 etcarminihus,
963 3555 1044 3625 sede
1059 3554 1235 3625 vitaatten·

158 3676 190 3737 te
204 3669 350 3738 revoluta
366 3670 413 3739 las
425 3681 474 3740 est
487 3693 735 3760 recognoscere.
754 3672 847 3740 Unde
860 3672 943 3742 illud
960 3672 1103 3741 efficitur
1115 3679 1153 3740 ut
1164 3693 1237 3741 con·

159 3785 331 3855 cludamus
353 3788 448 3858 nohis
475 3788 510 3856 iu
532 3798 687 3880 promptu
701 3783 785 3874 esse,
806 3811 870 3879 quo
894 3791 1060 3884 Ausonius
1083 3789 1237 3859 animum

158 3901 286 3971 honum
300 3911 332 3972 et
343 3904 528 3994 benignum
544 3907 678 3975 sortitus
699 3905 739 3974 ab
758 3905 886 3995 objecto
904 3906 1041 3976 crimine
1058 3907 1237 3990 eximatur,

159 4018 291 4109 ipsique
306 4020 458 4090 credatur
474 4020 596 4092 dicenti
628 4045 635 4090 :
985 4020 987 4024 ⁴
