<?xml version="1.0" encoding="UTF-8"?>
<!DOCTYPE html PUBLIC "-//W3C//DTD XHTML 1.0 Transitional//EN"
    "http://www.w3.org/TR/xhtml1/DTD/xhtml1-transitional.dtd">
<html xmlns="http://www.w3.org/1999/xhtml" xml:lang="en" lang="en">
 <head>
  <title>
</title>
<meta http-equiv="Content-Type" content="text/html;charset=utf-8" />
  <meta name='ocr-system' content='tesseract 3.04.00' />
  <meta name='ocr-capabilities' content='ocr_page ocr_carea ocr_par ocr_line ocrx_word'/>
</head>
<body>
  <div class='ocr_page' id='page_1' title='image "./dedmausoniioper00evergoog_0057.png"; bbox 0 0 2730 4926; ppageno 0'>
   <div class='ocr_carea' id='block_1_1' title="bbox 590 276 767 342">
    <p class='ocr_par' dir='ltr' id='par_1_1' title="bbox 590 276 767 342">
     <span class='ocr_line' id='line_1_1' title="bbox 590 276 767 342; baseline -0.017 -16"><span class='ocrx_word' id='word_1_1' title='bbox 590 276 699 342; x_wconf 65' lang='lat' dir='ltr'><strong>..pp</strong></span> <span class='ocrx_word' id='word_1_2' title='bbox 724 311 767 323; x_wconf 87' lang='lat'><strong>-</strong></span> 
     </span>
    </p>
   </div>
   <div class='ocr_carea' id='block_1_2' title="bbox 143 443 1227 4013">
    <p class='ocr_par' dir='ltr' id='par_1_2' title="bbox 145 443 1224 885">
     <span class='ocr_line' id='line_1_2' title="bbox 146 443 1224 533; baseline -0.001 -18"><span class='ocrx_word' id='word_1_3' title='bbox 146 448 299 517; x_wconf 88' lang='lat' dir='ltr'><strong>oblectat.</strong></span> <span class='ocrx_word' id='word_1_4' title='bbox 324 448 403 515; x_wconf 79' lang='lat' dir='ltr'><strong>lure</strong></span> <span class='ocrx_word' id='word_1_5' title='bbox 416 446 506 514; x_wconf 90' lang='lat' dir='ltr'><strong>enim</strong></span> <span class='ocrx_word' id='word_1_6' title='bbox 523 445 557 513; x_wconf 94' lang='lat' dir='ltr'><strong>in</strong></span> <span class='ocrx_word' id='word_1_7' title='bbox 569 446 630 512; x_wconf 90' lang='lat' dir='ltr'><strong>hac</strong></span> <span class='ocrx_word' id='word_1_8' title='bbox 645 444 785 512; x_wconf 89' lang='lat' dir='ltr'><strong>materia</strong></span> <span class='ocrx_word' id='word_1_9' title='bbox 803 465 871 512; x_wconf 92' lang='lat' dir='ltr'><strong>non</strong></span> <span class='ocrx_word' id='word_1_10' title='bbox 886 444 1012 513; x_wconf 89' lang='lat' dir='ltr'><strong>multus</strong></span> <span class='ocrx_word' id='word_1_11' title='bbox 1030 443 1115 528; x_wconf 81' lang='lat' dir='ltr'><strong>luit3</strong></span> <span class='ocrx_word' id='word_1_12' title='bbox 1130 444 1224 533; x_wconf 62' lang='lat' dir='ltr'><strong>{cum</strong></span> 
     </span>
     <span class='ocr_line' id='line_1_3' title="bbox 146 560 1223 654; baseline -0.002 -22"><span class='ocrx_word' id='word_1_13' title='bbox 146 565 216 654; x_wconf 88' lang='lat' dir='ltr'><strong>ipse</strong></span> <span class='ocrx_word' id='word_1_14' title='bbox 235 583 307 652; x_wconf 80' lang='lat' dir='ltr'><strong>qua</strong></span> <span class='ocrx_word' id='word_1_15' title='bbox 324 572 434 631; x_wconf 87' lang='lat' dir='ltr'><strong>narrat</strong></span> <span class='ocrx_word' id='word_1_16' title='bbox 446 583 513 630; x_wconf 91' lang='lat' dir='ltr'><strong>nen</strong></span> <span class='ocrx_word' id='word_1_17' title='bbox 533 570 678 651; x_wconf 86' lang='lat' dir='ltr'><strong>spectata</strong></span> <span class='ocrx_word' id='word_1_18' title='bbox 698 560 771 642; x_wconf 91' lang='lat' dir='ltr'><strong>ulli,</strong></span> <span class='ocrx_word' id='word_1_19' title='bbox 790 580 851 629; x_wconf 89' lang='lat' dir='ltr'><strong>nec</strong></span> <span class='ocrx_word' id='word_1_20' title='bbox 867 561 998 648; x_wconf 90' lang='lat' dir='ltr'><strong>cognita</strong></span> <span class='ocrx_word' id='word_1_21' title='bbox 1014 560 1100 644; x_wconf 82' lang='lat' dir='ltr'><strong>visu,</strong></span> <span class='ocrx_word' id='word_1_22' title='bbox 1116 563 1223 650; x_wconf 88' lang='lat' dir='ltr'><strong>profi-</strong></span> 
     </span>
     <span class='ocr_line' id='line_1_4' title="bbox 146 675 1224 768; baseline -0.001 -21"><span class='ocrx_word' id='word_1_23' title='bbox 146 688 266 762; x_wconf 89' lang='lat' dir='ltr'><strong>teatur,</strong></span> <span class='ocrx_word' id='word_1_24' title='bbox 286 699 421 748; x_wconf 89' lang='lat' dir='ltr'><strong>necesse</strong></span> <span class='ocrx_word' id='word_1_25' title='bbox 433 686 502 747; x_wconf 90' lang='lat' dir='ltr'><strong>erat</strong></span> <span class='ocrx_word' id='word_1_26' title='bbox 526 685 563 744; x_wconf 92' lang='lat' dir='ltr'><strong>ut</strong></span> <span class='ocrx_word' id='word_1_27' title='bbox 581 679 649 743; x_wconf 81' lang='lat' dir='ltr'><strong>hac</strong></span> <span class='ocrx_word' id='word_1_28' title='bbox 666 677 790 744; x_wconf 91' lang='lat' dir='ltr'><strong>incerta</strong></span> <span class='ocrx_word' id='word_1_29' title='bbox 802 675 896 763; x_wconf 87' lang='lat' dir='ltr'><strong>quasi</strong></span> <span class='ocrx_word' id='word_1_30' title='bbox 916 697 952 745; x_wconf 89' lang='lat' dir='ltr'><strong>ac</strong></span> <span class='ocrx_word' id='word_1_31' title='bbox 968 677 1224 768; x_wconf 87' lang='lat' dir='ltr'><strong>circumscripta</strong></span> 
     </span>
     <span class='ocr_line' id='line_1_5' title="bbox 145 795 692 885; baseline -0.009 -22"><span class='ocrx_word' id='word_1_32' title='bbox 145 795 271 885; x_wconf 80' lang='lat' dir='ltr'><strong>pictura</strong></span> <span class='ocrx_word' id='word_1_33' title='bbox 283 804 470 863; x_wconf 81' lang='lat' dir='ltr'><strong>reverenter</strong></span> <span class='ocrx_word' id='word_1_34' title='bbox 490 800 692 880; x_wconf 89' lang='lat' dir='ltr'><strong>tegerentur.</strong></span> 
     </span>
    </p>

    <p class='ocr_par' dir='ltr' id='par_1_3' title="bbox 144 907 1223 1804">
     <span class='ocr_line' id='line_1_6' title="bbox 190 907 1221 996; baseline -0.001 -17"><span class='ocrx_word' id='word_1_35' title='bbox 190 909 283 990; x_wconf 84' lang='lat' dir='ltr'><strong>Quod</strong></span> <span class='ocrx_word' id='word_1_36' title='bbox 302 931 368 978; x_wconf 92' lang='lat' dir='ltr'><strong>non</strong></span> <span class='ocrx_word' id='word_1_37' title='bbox 390 909 523 996; x_wconf 89' lang='lat' dir='ltr'><strong>longius</strong></span> <span class='ocrx_word' id='word_1_38' title='bbox 543 917 698 996; x_wconf 84' lang='lat' dir='ltr'><strong>evagatus</strong></span> <span class='ocrx_word' id='word_1_39' title='bbox 718 907 883 977; x_wconf 82' lang='lat' dir='ltr'><strong>Ausonius</strong></span> <span class='ocrx_word' id='word_1_40' title='bbox 900 927 938 976; x_wconf 89' lang='lat' dir='ltr'><strong>eo</strong></span> <span class='ocrx_word' id='word_1_41' title='bbox 954 908 1060 996; x_wconf 91' lang='lat' dir='ltr'><strong>magis</strong></span> <span class='ocrx_word' id='word_1_42' title='bbox 1073 917 1129 977; x_wconf 91' lang='lat' dir='ltr'><strong>est</strong></span> <span class='ocrx_word' id='word_1_43' title='bbox 1146 910 1221 978; x_wconf 92' lang='lat' dir='ltr'><strong>lau-</strong></span> 
     </span>
     <span class='ocr_line' id='line_1_7' title="bbox 145 1021 1223 1113; baseline -0.001 -20"><span class='ocrx_word' id='word_1_44' title='bbox 145 1024 285 1107; x_wconf 90' lang='lat' dir='ltr'><strong>dandus,</strong></span> <span class='ocrx_word' id='word_1_45' title='bbox 313 1045 379 1113; x_wconf 89' lang='lat' dir='ltr'><strong>quo</strong></span> <span class='ocrx_word' id='word_1_46' title='bbox 401 1025 519 1113; x_wconf 82' lang='lat' dir='ltr'><strong>sepius</strong></span> <span class='ocrx_word' id='word_1_47' title='bbox 543 1023 659 1092; x_wconf 83' lang='lat' dir='ltr'><strong>vitium</strong></span> <span class='ocrx_word' id='word_1_48' title='bbox 686 1023 817 1111; x_wconf 80' lang='lat' dir='ltr'><strong>prolixa</strong></span> <span class='ocrx_word' id='word_1_49' title='bbox 845 1021 1086 1112; x_wconf 78' lang='lat' dir='ltr'><strong>descriptionis,</strong></span> <span class='ocrx_word' id='word_1_50' title='bbox 1119 1025 1223 1092; x_wconf 90' lang='lat' dir='ltr'><strong>utin</strong></span> 
     </span>
     <span class='ocr_line' id='line_1_8' title="bbox 144 1136 1223 1231; baseline 0.001 -23"><span class='ocrx_word' id='word_1_51' title='bbox 144 1141 270 1231; x_wconf 91' lang='lat' dir='ltr'><strong>piscatu</strong></span> <span class='ocrx_word' id='word_1_52' title='bbox 299 1138 523 1230; x_wconf 86' lang='lat' dir='ltr'><strong>exprimendo,</strong></span> <span class='ocrx_word' id='word_1_53' title='bbox 560 1159 627 1207; x_wconf 93' lang='lat' dir='ltr'><strong>non</strong></span> <span class='ocrx_word' id='word_1_54' title='bbox 661 1138 789 1225; x_wconf 81' lang='lat' dir='ltr'><strong>effugit.</strong></span> <span class='ocrx_word' id='word_1_55' title='bbox 823 1136 950 1207; x_wconf 93' lang='lat' dir='ltr'><strong>lbidem</strong></span> <span class='ocrx_word' id='word_1_56' title='bbox 978 1139 1068 1207; x_wconf 93' lang='lat' dir='ltr'><strong>enim</strong></span> <span class='ocrx_word' id='word_1_57' title='bbox 1088 1139 1223 1228; x_wconf 87' lang='lat' dir='ltr'><strong>piscem</strong></span> 
     </span>
     <span class='ocr_line' id='line_1_9' title="bbox 146 1252 1219 1344; baseline -0.002 -20"><span class='ocrx_word' id='word_1_58' title='bbox 146 1258 245 1324; x_wconf 90' lang='lat' dir='ltr'><strong>hamo</strong></span> <span class='ocrx_word' id='word_1_59' title='bbox 255 1263 399 1344; x_wconf 89' lang='lat' dir='ltr'><strong>captum,</strong></span> <span class='ocrx_word' id='word_1_60' title='bbox 416 1255 583 1343; x_wconf 81' lang='lat' dir='ltr'><strong>vitamque</strong></span> <span class='ocrx_word' id='word_1_61' title='bbox 606 1253 743 1321; x_wconf 90' lang='lat' dir='ltr'><strong>inauris</strong></span> <span class='ocrx_word' id='word_1_62' title='bbox 760 1252 920 1321; x_wconf 91' lang='lat' dir='ltr'><strong>anhelatis</strong></span> <span class='ocrx_word' id='word_1_63' title='bbox 948 1263 1219 1338; x_wconf 82' lang='lat' dir='ltr'><strong>consumentem,</strong></span> 
     </span>
     <span class='ocr_line' id='line_1_10' title="bbox 147 1369 1222 1460; baseline 0.001 -22"><span class='ocrx_word' id='word_1_64' title='bbox 147 1372 238 1440; x_wconf 94' lang='lat' dir='ltr'><strong>nulla</strong></span> <span class='ocrx_word' id='word_1_65' title='bbox 256 1371 357 1440; x_wconf 89' lang='lat' dir='ltr'><strong>tristis</strong></span> <span class='ocrx_word' id='word_1_66' title='bbox 378 1371 464 1440; x_wconf 89' lang='lat' dir='ltr'><strong>visus</strong></span> <span class='ocrx_word' id='word_1_67' title='bbox 480 1378 571 1460; x_wconf 91' lang='lat' dir='ltr'><strong>parte</strong></span> <span class='ocrx_word' id='word_1_68' title='bbox 588 1371 721 1452; x_wconf 89' lang='lat' dir='ltr'><strong>omissa,</strong></span> <span class='ocrx_word' id='word_1_69' title='bbox 740 1369 905 1438; x_wconf 87' lang='lat' dir='ltr'><strong>subtiliter</strong></span> <span class='ocrx_word' id='word_1_70' title='bbox 920 1369 1081 1452; x_wconf 90' lang='lat' dir='ltr'><strong>ostendit;</strong></span> <span class='ocrx_word' id='word_1_71' title='bbox 1106 1380 1142 1439; x_wconf 90' lang='lat' dir='ltr'><strong>et</strong></span> <span class='ocrx_word' id='word_1_72' title='bbox 1160 1372 1222 1440; x_wconf 93' lang='lat' dir='ltr'><strong>mi·</strong></span> 
     </span>
     <span class='ocr_line' id='line_1_11' title="bbox 146 1485 1222 1575; baseline 0.002 -21"><span class='ocrx_word' id='word_1_73' title='bbox 146 1488 236 1555; x_wconf 91' lang='lat' dir='ltr'><strong>nima</strong></span> <span class='ocrx_word' id='word_1_74' title='bbox 257 1488 336 1556; x_wconf 90' lang='lat' dir='ltr'><strong>licet</strong></span> <span class='ocrx_word' id='word_1_75' title='bbox 354 1487 457 1555; x_wconf 90' lang='lat' dir='ltr'><strong>tetius</strong></span> <span class='ocrx_word' id='word_1_76' title='bbox 495 1486 631 1554; x_wconf 87' lang='lat' dir='ltr'><strong>actionis</strong></span> <span class='ocrx_word' id='word_1_77' title='bbox 653 1494 686 1553; x_wconf 89' lang='lat' dir='ltr'><strong>et</strong></span> <span class='ocrx_word' id='word_1_78' title='bbox 707 1485 837 1573; x_wconf 91' lang='lat' dir='ltr'><strong>singula</strong></span> <span class='ocrx_word' id='word_1_79' title='bbox 858 1493 952 1554; x_wconf 89' lang='lat' dir='ltr'><strong>acute</strong></span> <span class='ocrx_word' id='word_1_80' title='bbox 981 1487 1222 1575; x_wconf 82' lang='lat' dir='ltr'><strong>eleganterque</strong></span> 
     </span>
     <span class='ocr_line' id='line_1_12' title="bbox 146 1601 1222 1693; baseline -0.001 -20"><span class='ocrx_word' id='word_1_81' title='bbox 146 1603 380 1693; x_wconf 91' lang='lat' dir='ltr'><strong>exprimantur,</strong></span> <span class='ocrx_word' id='word_1_82' title='bbox 408 1612 519 1670; x_wconf 91' lang='lat' dir='ltr'><strong>tamen</strong></span> <span class='ocrx_word' id='word_1_83' title='bbox 541 1610 671 1692; x_wconf 87' lang='lat' dir='ltr'><strong>poetam</strong></span> <span class='ocrx_word' id='word_1_84' title='bbox 699 1602 734 1669; x_wconf 93' lang='lat' dir='ltr'><strong>in</strong></span> <span class='ocrx_word' id='word_1_85' title='bbox 756 1601 936 1670; x_wconf 79' lang='lat' dir='ltr'><strong>fedissima</strong></span> <span class='ocrx_word' id='word_1_86' title='bbox 955 1602 1222 1692; x_wconf 84' lang='lat' dir='ltr'><strong>tenuissimaque</strong></span> 
     </span>
     <span class='ocr_line' id='line_1_13' title="bbox 147 1717 602 1804; baseline -0.004 -17"><span class='ocrx_word' id='word_1_87' title='bbox 147 1717 347 1787; x_wconf 89' lang='lat' dir='ltr'><strong>descendere</strong></span> <span class='ocrx_word' id='word_1_88' title='bbox 363 1738 440 1804; x_wconf 89' lang='lat' dir='ltr'><strong>agre</strong></span> <span class='ocrx_word' id='word_1_89' title='bbox 453 1717 602 1786; x_wconf 90' lang='lat' dir='ltr'><strong>lerimus.</strong></span> 
     </span>
    </p>

    <p class='ocr_par' dir='ltr' id='par_1_4' title="bbox 143 1832 1220 2154">
     <span class='ocr_line' id='line_1_14' title="bbox 192 1832 1220 1904; baseline 0.002 -2"><span class='ocrx_word' id='word_1_90' title='bbox 192 1835 283 1902; x_wconf 88' lang='lat' dir='ltr'><strong>Hanc</strong></span> <span class='ocrx_word' id='word_1_91' title='bbox 308 1833 460 1902; x_wconf 88' lang='lat' dir='ltr'><strong>eamdem</strong></span> <span class='ocrx_word' id='word_1_92' title='bbox 482 1833 614 1902; x_wconf 91' lang='lat' dir='ltr'><strong>dicendi</strong></span> <span class='ocrx_word' id='word_1_93' title='bbox 642 1832 897 1901; x_wconf 88' lang='lat' dir='ltr'><strong>redundantiam</strong></span> <span class='ocrx_word' id='word_1_94' title='bbox 929 1833 964 1900; x_wconf 91' lang='lat' dir='ltr'><strong>iu</strong></span> <span class='ocrx_word' id='word_1_95' title='bbox 999 1833 1122 1902; x_wconf 86' lang='lat' dir='ltr'><strong>multis</strong></span> <span class='ocrx_word' id='word_1_96' title='bbox 1146 1835 1220 1904; x_wconf 89' lang='lat' dir='ltr'><strong>aliis</strong></span> 
     </span>
     <span class='ocr_line' id='line_1_15' title="bbox 143 1946 1219 2039; baseline 0.007 -25"><span class='ocrx_word' id='word_1_97' title='bbox 143 1946 225 2020; x_wconf 91' lang='lat' dir='ltr'><strong>locis</strong></span> <span class='ocrx_word' id='word_1_98' title='bbox 252 1949 445 2039; x_wconf 84' lang='lat' dir='ltr'><strong>exprobrare</strong></span> <span class='ocrx_word' id='word_1_99' title='bbox 472 1949 617 2017; x_wconf 75' lang='lat' dir='ltr'><strong>Ausonio</strong></span> <span class='ocrx_word' id='word_1_100' title='bbox 641 1969 834 2038; x_wconf 90' lang='lat' dir='ltr'><strong>possemus;</strong></span> <span class='ocrx_word' id='word_1_101' title='bbox 864 1947 947 2016; x_wconf 92' lang='lat' dir='ltr'><strong>illud</strong></span> <span class='ocrx_word' id='word_1_102' title='bbox 970 1955 1081 2018; x_wconf 89' lang='lat' dir='ltr'><strong>autem</strong></span> <span class='ocrx_word' id='word_1_103' title='bbox 1098 1949 1219 2020; x_wconf 87' lang='lat' dir='ltr'><strong>vitium</strong></span> 
     </span>
     <span class='ocr_line' id='line_1_16' title="bbox 147 2064 1174 2154; baseline 0.004 -22"><span class='ocrx_word' id='word_1_104' title='bbox 147 2066 272 2154; x_wconf 84' lang='lat' dir='ltr'><strong>generi,</strong></span> <span class='ocrx_word' id='word_1_105' title='bbox 295 2066 388 2154; x_wconf 86' lang='lat' dir='ltr'><strong>cujus</strong></span> <span class='ocrx_word' id='word_1_106' title='bbox 402 2073 450 2134; x_wconf 90' lang='lat' dir='ltr'><strong>est</strong></span> <span class='ocrx_word' id='word_1_107' title='bbox 479 2064 631 2148; x_wconf 84' lang='lat' dir='ltr'><strong>Mosella,</strong></span> <span class='ocrx_word' id='word_1_108' title='bbox 648 2065 717 2134; x_wconf 86' lang='lat' dir='ltr'><strong>fere</strong></span> <span class='ocrx_word' id='word_1_109' title='bbox 731 2064 891 2133; x_wconf 87' lang='lat' dir='ltr'><strong>inhaerere</strong></span> <span class='ocrx_word' id='word_1_110' title='bbox 906 2066 1174 2136; x_wconf 86' lang='lat' dir='ltr'><strong>meminerimus.</strong></span> 
     </span>
    </p>

    <p class='ocr_par' dir='ltr' id='par_1_5' title="bbox 144 2179 1223 3770">
     <span class='ocr_line' id='line_1_17' title="bbox 192 2179 1222 2271; baseline 0.001 -21"><span class='ocrx_word' id='word_1_111' title='bbox 192 2183 238 2250; x_wconf 89' lang='lat' dir='ltr'><strong>De</strong></span> <span class='ocrx_word' id='word_1_112' title='bbox 257 2202 323 2271; x_wconf 90' lang='lat' dir='ltr'><strong>quo</strong></span> <span class='ocrx_word' id='word_1_113' title='bbox 337 2190 513 2250; x_wconf 86' lang='lat' dir='ltr'><strong>tractamus</strong></span> <span class='ocrx_word' id='word_1_114' title='bbox 531 2201 663 2249; x_wconf 87' lang='lat' dir='ltr'><strong>carmen</strong></span> <span class='ocrx_word' id='word_1_115' title='bbox 678 2201 745 2248; x_wconf 91' lang='lat' dir='ltr'><strong>non</strong></span> <span class='ocrx_word' id='word_1_116' title='bbox 761 2179 859 2248; x_wconf 89' lang='lat' dir='ltr'><strong>modo</strong></span> <span class='ocrx_word' id='word_1_117' title='bbox 873 2181 1119 2268; x_wconf 88' lang='lat' dir='ltr'><strong>elegantissima</strong></span> <span class='ocrx_word' id='word_1_118' title='bbox 1136 2183 1222 2251; x_wconf 91' lang='lat' dir='ltr'><strong>sim·</strong></span> 
     </span>
     <span class='ocr_line' id='line_1_18' title="bbox 148 2295 1220 2386; baseline 0.004 -23"><span class='ocrx_word' id='word_1_119' title='bbox 148 2295 303 2386; x_wconf 91' lang='lat' dir='ltr'><strong>plicitate,</strong></span> <span class='ocrx_word' id='word_1_120' title='bbox 319 2298 359 2365; x_wconf 88' lang='lat' dir='ltr'><strong>ab</strong></span> <span class='ocrx_word' id='word_1_121' title='bbox 382 2298 536 2365; x_wconf 91' lang='lat' dir='ltr'><strong>omnibus</strong></span> <span class='ocrx_word' id='word_1_122' title='bbox 563 2296 664 2384; x_wconf 91' lang='lat' dir='ltr'><strong>longe</strong></span> <span class='ocrx_word' id='word_1_123' title='bbox 685 2295 846 2364; x_wconf 90' lang='lat' dir='ltr'><strong>arcessitis</strong></span> <span class='ocrx_word' id='word_1_124' title='bbox 863 2297 1066 2366; x_wconf 89' lang='lat' dir='ltr'><strong>ornamentis</strong></span> <span class='ocrx_word' id='word_1_125' title='bbox 1096 2298 1220 2380; x_wconf 89' lang='lat' dir='ltr'><strong>aliena,</strong></span> 
     </span>
     <span class='ocr_line' id='line_1_19' title="bbox 150 2411 1223 2504; baseline 0.003 -25"><span class='ocrx_word' id='word_1_126' title='bbox 150 2413 297 2482; x_wconf 83' lang='lat' dir='ltr'><strong>etnativa</strong></span> <span class='ocrx_word' id='word_1_127' title='bbox 312 2413 574 2501; x_wconf 87' lang='lat' dir='ltr'><strong>pulchritudine,</strong></span> <span class='ocrx_word' id='word_1_128' title='bbox 591 2412 823 2481; x_wconf 83' lang='lat' dir='ltr'><strong>verumetiam</strong></span> <span class='ocrx_word' id='word_1_129' title='bbox 842 2412 930 2482; x_wconf 86' lang='lat' dir='ltr'><strong>varia</strong></span> <span class='ocrx_word' id='word_1_130' title='bbox 949 2411 1138 2482; x_wconf 89' lang='lat' dir='ltr'><strong>eruditione</strong></span> <span class='ocrx_word' id='word_1_131' title='bbox 1153 2416 1223 2504; x_wconf 92' lang='lat' dir='ltr'><strong>pla-</strong></span> 
     </span>
     <span class='ocr_line' id='line_1_20' title="bbox 148 2527 1221 2618; baseline 0.004 -23"><span class='ocrx_word' id='word_1_132' title='bbox 148 2535 216 2610; x_wconf 88' lang='lat' dir='ltr'><strong>cet;</strong></span> <span class='ocrx_word' id='word_1_133' title='bbox 244 2549 389 2617; x_wconf 89' lang='lat' dir='ltr'><strong>namque</strong></span> <span class='ocrx_word' id='word_1_134' title='bbox 403 2528 438 2595; x_wconf 92' lang='lat' dir='ltr'><strong>in</strong></span> <span class='ocrx_word' id='word_1_135' title='bbox 462 2528 519 2597; x_wconf 93' lang='lat' dir='ltr'><strong>illo</strong></span> <span class='ocrx_word' id='word_1_136' title='bbox 544 2529 635 2597; x_wconf 91' lang='lat' dir='ltr'><strong>haud</strong></span> <span class='ocrx_word' id='word_1_137' title='bbox 645 2549 749 2618; x_wconf 91' lang='lat' dir='ltr'><strong>pauca</strong></span> <span class='ocrx_word' id='word_1_138' title='bbox 776 2527 817 2598; x_wconf 91' lang='lat' dir='ltr'><strong>de</strong></span> <span class='ocrx_word' id='word_1_139' title='bbox 848 2537 997 2598; x_wconf 82' lang='lat' dir='ltr'><strong>veterum</strong></span> <span class='ocrx_word' id='word_1_140' title='bbox 1029 2529 1172 2598; x_wconf 89' lang='lat' dir='ltr'><strong>historia</strong></span> <span class='ocrx_word' id='word_1_141' title='bbox 1188 2540 1221 2599; x_wconf 88' lang='lat' dir='ltr'><strong>et</strong></span> 
     </span>
     <span class='ocr_line' id='line_1_21' title="bbox 148 2643 1219 2734; baseline 0.003 -22"><span class='ocrx_word' id='word_1_142' title='bbox 148 2644 347 2734; x_wconf 82' lang='lat' dir='ltr'><strong>geographia</strong></span> <span class='ocrx_word' id='word_1_143' title='bbox 379 2643 500 2711; x_wconf 91' lang='lat' dir='ltr'><strong>indicia</strong></span> <span class='ocrx_word' id='word_1_144' title='bbox 522 2646 718 2733; x_wconf 90' lang='lat' dir='ltr'><strong>reperimus.</strong></span> <span class='ocrx_word' id='word_1_145' title='bbox 755 2648 846 2713; x_wconf 89' lang='lat' dir='ltr'><strong>Inter</strong></span> <span class='ocrx_word' id='word_1_146' title='bbox 874 2645 1115 2714; x_wconf 88' lang='lat' dir='ltr'><strong>eruditissimos</strong></span> <span class='ocrx_word' id='word_1_147' title='bbox 1142 2668 1219 2715; x_wconf 90' lang='lat' dir='ltr'><strong>auo-</strong></span> 
     </span>
     <span class='ocr_line' id='line_1_22' title="bbox 149 2759 1220 2849; baseline 0.004 -21"><span class='ocrx_word' id='word_1_148' title='bbox 149 2769 234 2829; x_wconf 87' lang='lat' dir='ltr'><strong>tores</strong></span> <span class='ocrx_word' id='word_1_149' title='bbox 250 2759 290 2830; x_wconf 91' lang='lat' dir='ltr'><strong>de</strong></span> <span class='ocrx_word' id='word_1_150' title='bbox 318 2761 478 2843; x_wconf 82' lang='lat' dir='ltr'><strong>versibus,</strong></span> <span class='ocrx_word' id='word_1_151' title='bbox 497 2760 618 2849; x_wconf 90' lang='lat' dir='ltr'><strong>quibus</strong></span> <span class='ocrx_word' id='word_1_152' title='bbox 633 2761 749 2828; x_wconf 91' lang='lat' dir='ltr'><strong>Noster</strong></span> <span class='ocrx_word' id='word_1_153' title='bbox 761 2761 951 2829; x_wconf 89' lang='lat' dir='ltr'><strong>Gratianum</strong></span> <span class='ocrx_word' id='word_1_154' title='bbox 968 2781 1044 2830; x_wconf 89' lang='lat' dir='ltr'><strong>eum</strong></span> <span class='ocrx_word' id='word_1_155' title='bbox 1060 2763 1220 2832; x_wconf 88' lang='lat' dir='ltr'><strong>Sarmatis</strong></span> 
     </span>
     <span class='ocr_line' id='line_1_23' title="bbox 147 2875 1219 2964; baseline 0.005 -22"><span class='ocrx_word' id='word_1_156' title='bbox 147 2875 233 2943; x_wconf 93' lang='lat' dir='ltr'><strong>bella</strong></span> <span class='ocrx_word' id='word_1_157' title='bbox 262 2883 432 2964; x_wconf 87' lang='lat' dir='ltr'><strong>gerentem</strong></span> <span class='ocrx_word' id='word_1_158' title='bbox 458 2896 493 2943; x_wconf 91' lang='lat' dir='ltr'><strong>ac</strong></span> <span class='ocrx_word' id='word_1_159' title='bbox 513 2875 720 2942; x_wconf 82' lang='lat' dir='ltr'><strong>Constantini</strong></span> <span class='ocrx_word' id='word_1_160' title='bbox 736 2884 840 2942; x_wconf 88' lang='lat' dir='ltr'><strong>castra</strong></span> <span class='ocrx_word' id='word_1_161' title='bbox 856 2875 943 2964; x_wconf 93' lang='lat' dir='ltr'><strong>apud</strong></span> <span class='ocrx_word' id='word_1_162' title='bbox 972 2877 1219 2964; x_wconf 89' lang='lat' dir='ltr'><strong>Nivomagnum</strong></span> 
     </span>
     <span class='ocr_line' id='line_1_24' title="bbox 148 2990 1222 3082; baseline 0.004 -25"><span class='ocrx_word' id='word_1_163' title='bbox 148 2992 253 3079; x_wconf 93' lang='lat' dir='ltr'><strong>posita</strong></span> <span class='ocrx_word' id='word_1_164' title='bbox 272 2990 427 3072; x_wconf 90' lang='lat' dir='ltr'><strong>ostendit,</strong></span> <span class='ocrx_word' id='word_1_165' title='bbox 452 2991 580 3078; x_wconf 87' lang='lat' dir='ltr'><strong>iterque</strong></span> <span class='ocrx_word' id='word_1_166' title='bbox 610 3011 628 3056; x_wconf 97' lang='lat' dir='ltr'><strong>a</strong></span> <span class='ocrx_word' id='word_1_167' title='bbox 653 3011 700 3070; x_wconf 92' lang='lat' dir='ltr'><strong>se,</strong></span> <span class='ocrx_word' id='word_1_168' title='bbox 719 2991 926 3058; x_wconf 82' lang='lat' dir='ltr'><strong>Trevirorum</strong></span> <span class='ocrx_word' id='word_1_169' title='bbox 954 2992 1138 3078; x_wconf 73' lang='lat' dir='ltr'><strong>Augustam</strong></span> <span class='ocrx_word' id='word_1_170' title='bbox 1162 3015 1222 3082; x_wconf 94' lang='lat' dir='ltr'><strong>per</strong></span> 
     </span>
     <span class='ocr_line' id='line_1_25' title="bbox 148 3105 1221 3196; baseline 0.005 -22"><span class='ocrx_word' id='word_1_171' title='bbox 148 3108 269 3174; x_wconf 81' lang='lat' dir='ltr'><strong>Natam</strong></span> <span class='ocrx_word' id='word_1_172' title='bbox 290 3115 323 3174; x_wconf 88' lang='lat' dir='ltr'><strong>et</strong></span> <span class='ocrx_word' id='word_1_173' title='bbox 346 3107 513 3175; x_wconf 90' lang='lat' dir='ltr'><strong>Mosellam</strong></span> <span class='ocrx_word' id='word_1_174' title='bbox 535 3105 708 3189; x_wconf 86' lang='lat' dir='ltr'><strong>redeunte,</strong></span> <span class='ocrx_word' id='word_1_175' title='bbox 742 3117 932 3196; x_wconf 90' lang='lat' dir='ltr'><strong>susceptum</strong></span> <span class='ocrx_word' id='word_1_176' title='bbox 962 3107 1097 3190; x_wconf 94' lang='lat' dir='ltr'><strong>indicat,</strong></span> <span class='ocrx_word' id='word_1_177' title='bbox 1121 3110 1221 3179; x_wconf 86' lang='lat' dir='ltr'><strong>valde</strong></span> 
     </span>
     <span class='ocr_line' id='line_1_26' title="bbox 149 3221 1217 3311; baseline 0.003 -21"><span class='ocrx_word' id='word_1_178' title='bbox 149 3221 351 3311; x_wconf 91' lang='lat' dir='ltr'><strong>disputatum</strong></span> <span class='ocrx_word' id='word_1_179' title='bbox 373 3222 447 3290; x_wconf 90' lang='lat' dir='ltr'><strong>luit.</strong></span> <span class='ocrx_word' id='word_1_180' title='bbox 477 3226 575 3304; x_wconf 91' lang='lat' dir='ltr'><strong>ltem,</strong></span> <span class='ocrx_word' id='word_1_181' title='bbox 605 3221 740 3309; x_wconf 77' lang='lat' dir='ltr'><strong>quade</strong></span> <span class='ocrx_word' id='word_1_182' title='bbox 770 3222 964 3290; x_wconf 89' lang='lat' dir='ltr'><strong>lluminibus</strong></span> <span class='ocrx_word' id='word_1_183' title='bbox 990 3223 1025 3291; x_wconf 91' lang='lat' dir='ltr'><strong>in</strong></span> <span class='ocrx_word' id='word_1_184' title='bbox 1044 3224 1217 3293; x_wconf 87' lang='lat' dir='ltr'><strong>Mosellam</strong></span> 
     </span>
     <span class='ocr_line' id='line_1_27' title="bbox 147 3336 1221 3426; baseline 0.004 -21"><span class='ocrx_word' id='word_1_185' title='bbox 147 3337 408 3419; x_wconf 86' lang='lat' dir='ltr'><strong>devenientibus,</strong></span> <span class='ocrx_word' id='word_1_186' title='bbox 432 3344 465 3406; x_wconf 94' lang='lat' dir='ltr'><strong>et</strong></span> <span class='ocrx_word' id='word_1_187' title='bbox 489 3336 529 3405; x_wconf 91' lang='lat' dir='ltr'><strong>de</strong></span> <span class='ocrx_word' id='word_1_188' title='bbox 558 3337 740 3404; x_wconf 87' lang='lat' dir='ltr'><strong>incolarum</strong></span> <span class='ocrx_word' id='word_1_189' title='bbox 764 3337 911 3407; x_wconf 90' lang='lat' dir='ltr'><strong>moribus</strong></span> <span class='ocrx_word' id='word_1_190' title='bbox 946 3347 1102 3426; x_wconf 89' lang='lat' dir='ltr'><strong>aguntur,</strong></span> <span class='ocrx_word' id='word_1_191' title='bbox 1126 3341 1221 3409; x_wconf 81' lang='lat' dir='ltr'><strong>verbi</strong></span> 
     </span>
     <span class='ocr_line' id='line_1_28' title="bbox 145 3452 1220 3540; baseline 0.004 -21"><span class='ocrx_word' id='word_1_192' title='bbox 145 3452 260 3540; x_wconf 90' lang='lat' dir='ltr'><strong>gratia,</strong></span> <span class='ocrx_word' id='word_1_193' title='bbox 279 3452 319 3521; x_wconf 90' lang='lat' dir='ltr'><strong>de</strong></span> <span class='ocrx_word' id='word_1_194' title='bbox 332 3452 441 3519; x_wconf 88' lang='lat' dir='ltr'><strong>nautis</strong></span> <span class='ocrx_word' id='word_1_195' title='bbox 452 3453 509 3540; x_wconf 90' lang='lat' dir='ltr'><strong>qui</strong></span> <span class='ocrx_word' id='word_1_196' title='bbox 525 3452 675 3521; x_wconf 90' lang='lat' dir='ltr'><strong>lintrium</strong></span> <span class='ocrx_word' id='word_1_197' title='bbox 692 3453 778 3519; x_wconf 92' lang='lat' dir='ltr'><strong>mala</strong></span> <span class='ocrx_word' id='word_1_198' title='bbox 790 3454 872 3521; x_wconf 92' lang='lat' dir='ltr'><strong>collo</strong></span> <span class='ocrx_word' id='word_1_199' title='bbox 885 3454 1031 3535; x_wconf 87' lang='lat' dir='ltr'><strong>trabunt,</strong></span> <span class='ocrx_word' id='word_1_200' title='bbox 1048 3462 1080 3521; x_wconf 93' lang='lat' dir='ltr'><strong>et</strong></span> <span class='ocrx_word' id='word_1_201' title='bbox 1096 3453 1136 3521; x_wconf 89' lang='lat' dir='ltr'><strong>de</strong></span> <span class='ocrx_word' id='word_1_202' title='bbox 1151 3456 1220 3523; x_wconf 86' lang='lat' dir='ltr'><strong>via-</strong></span> 
     </span>
     <span class='ocr_line' id='line_1_29' title="bbox 144 3566 1217 3658; baseline 0.007 -25"><span class='ocrx_word' id='word_1_203' title='bbox 144 3567 270 3636; x_wconf 91' lang='lat' dir='ltr'><strong>toribus</strong></span> <span class='ocrx_word' id='word_1_204' title='bbox 287 3569 343 3655; x_wconf 91' lang='lat' dir='ltr'><strong>qui</strong></span> <span class='ocrx_word' id='word_1_205' title='bbox 376 3568 493 3657; x_wconf 88' lang='lat' dir='ltr'><strong>probra</strong></span> <span class='ocrx_word' id='word_1_206' title='bbox 509 3569 590 3636; x_wconf 87' lang='lat' dir='ltr'><strong>seris</strong></span> <span class='ocrx_word' id='word_1_207' title='bbox 629 3566 810 3636; x_wconf 91' lang='lat' dir='ltr'><strong>cultoribus</strong></span> <span class='ocrx_word' id='word_1_208' title='bbox 838 3576 971 3648; x_wconf 91' lang='lat' dir='ltr'><strong>canunt,</strong></span> <span class='ocrx_word' id='word_1_209' title='bbox 1002 3567 1091 3637; x_wconf 92' lang='lat' dir='ltr'><strong>haud</strong></span> <span class='ocrx_word' id='word_1_210' title='bbox 1114 3591 1217 3658; x_wconf 83' lang='lat' dir='ltr'><strong>parvo</strong></span> 
     </span>
     <span class='ocr_line' id='line_1_30' title="bbox 148 3682 488 3770; baseline 0.003 -22"><span class='ocrx_word' id='word_1_211' title='bbox 148 3691 317 3750; x_wconf 90' lang='lat' dir='ltr'><strong>momento</strong></span> <span class='ocrx_word' id='word_1_212' title='bbox 332 3682 488 3770; x_wconf 89' lang='lat' dir='ltr'><strong>legimus.</strong></span> 
     </span>
    </p>

    <p class='ocr_par' dir='ltr' id='par_1_6' title="bbox 151 3797 1227 4013">
     <span class='ocr_line' id='line_1_31' title="bbox 192 3797 1218 3892; baseline 0.007 -27"><span class='ocrx_word' id='word_1_213' title='bbox 192 3797 414 3867; x_wconf 90' lang='lat' dir='ltr'><strong>Peritissimus</strong></span> <span class='ocrx_word' id='word_1_214' title='bbox 443 3798 583 3887; x_wconf 88' lang='lat' dir='ltr'><strong>quisque</strong></span> <span class='ocrx_word' id='word_1_215' title='bbox 603 3800 753 3866; x_wconf 90' lang='lat' dir='ltr'><strong>locorum</strong></span> <span class='ocrx_word' id='word_1_216' title='bbox 781 3799 964 3867; x_wconf 80' lang='lat' dir='ltr'><strong>Ausonium</strong></span> <span class='ocrx_word' id='word_1_217' title='bbox 994 3799 1086 3869; x_wconf 86' lang='lat' dir='ltr'><strong>fluvii</strong></span> <span class='ocrx_word' id='word_1_218' title='bbox 1126 3801 1218 3892; x_wconf 89' lang='lat' dir='ltr'><strong>ripas</strong></span> 
     </span>
     <span class='ocr_line' id='line_1_32' title="bbox 151 3915 1227 4013; baseline 0.005 -30"><span class='ocrx_word' id='word_1_219' title='bbox 151 3922 320 4004; x_wconf 90' lang='lat' dir='ltr'><strong>totamque</strong></span> <span class='ocrx_word' id='word_1_220' title='bbox 341 3915 512 4004; x_wconf 89' lang='lat' dir='ltr'><strong>regionem</strong></span> <span class='ocrx_word' id='word_1_221' title='bbox 534 3915 739 3987; x_wconf 81' lang='lat' dir='ltr'><strong>exactissime</strong></span> <span class='ocrx_word' id='word_1_222' title='bbox 755 3915 943 4006; x_wconf 81' lang='lat' dir='ltr'><strong>depinxisse</strong></span> <span class='ocrx_word' id='word_1_223' title='bbox 957 3938 1024 3985; x_wconf 94' lang='lat' dir='ltr'><strong>non</strong></span> <span class='ocrx_word' id='word_1_224' title='bbox 1050 3919 1153 3987; x_wconf 90' lang='lat' dir='ltr'><strong>semel</strong></span> <span class='ocrx_word' id='word_1_225' title='bbox 1170 3921 1227 4013; x_wconf 48' lang='lat' dir='ltr'><strong>als</strong></span> 
     </span>
    </p>
   </div>
   <div class='ocr_carea' id='block_1_3' title="bbox 0 0 1370 4926">
    <p class='ocr_par' dir='ltr' id='par_1_7' title="bbox 0 0 1370 4926">
     <span class='ocr_line' id='line_1_33' title="bbox 0 0 1370 4926; baseline 0 1"><span class='ocrx_word' id='word_1_226' title='bbox 0 0 1370 4926; x_wconf 95' lang='lat' dir='ltr'><strong> </strong></span> 
     </span>
    </p>
   </div>
  </div>
 </body>
</html>
