2730 4926
600 391 777 455 ..51-

197 561 319 631 Paulus
333 561 433 629 Arius
446 559 628 649 Burdigalae
660 561 722 646 vel
740 560 937 630 Santonibus
959 562 1144 631 rhetoricen
1166 560 1223 628 do-

143 677 266 760 cebat;
288 697 327 744 er
341 675 480 744 Ausonii
495 676 649 765 operibus
660 677 750 744 buno
761 675 928 760 audimus,
944 675 1128 746 eruditione
1142 696 1222 765 qua-

147 793 234 861 dam
254 801 287 861 et
314 792 467 860 facultate
500 792 628 882 poetica
649 792 837 881 praeditum,
858 801 955 882 atque
975 793 1010 861 in
1034 794 1125 861 omni
1144 812 1221 883 poe·

145 917 282 979 matum
298 929 418 998 genere
434 919 612 992 versatum,
626 937 642 973 o
654 908 842 998 dactylicos,
856 910 979 998 elegos,
995 910 1223 979 choriambum

148 1046 301 1108 carmen,
327 1024 460 1114 epodos,
489 1026 575 1094 socci
600 1033 633 1093 et
655 1025 808 1093 cothurni
833 1027 1033 1095 musicam»
1063 1025 1217 1096 edidisse.

150 1139 288 1208 Utinam
301 1139 411 1208 omnia
422 1139 528 1207 illaad
538 1160 598 1208 nos
614 1141 986 1230 integrapervenissent,
996 1163 1151 1230 quaecum
1159 1143 1224 1211 du-

150 1255 243 1325 sonii
256 1255 408 1346 oporibus
421 1263 556 1346 possent
576 1256 735 1324 conferri!
752 1257 838 1325 Nihil
855 1277 929 1325 vero
949 1277 967 1326 e
987 1265 1034 1326 tot
1048 1259 1139 1327 Pauli
1158 1237 1237 1327 car-¹

149 1371 304 1440 minibus
330 1371 503 1460 superfuit,
526 1371 590 1439 nisi
610 1372 709 1440 unius
730 1371 895 1440 comoediae
925 1393 1060 1457 nomen,
1077 1372 1222 1442 Delirus.

151 1487 312 1568 Quamvis
329 1507 369 1557 er
388 1496 456 1555 arte
468 1489 631 1557 rhetorica
644 1497 808 1576 quaestum
825 1488 916 1556 haud
936 1498 1075 1558 tenuem
1095 1510 1226 1559 sumere

152 1605 248 1674 soliti
264 1610 386 1687 essent,
395 1611 506 1672 tamen
528 1605 648 1673 Paulus
665 1603 781 1673 divitiis
798 1604 983 1674 abundasse
999 1602 1066 1673 don
1083 1606 1223 1679 videtur:

152 1720 207 1788 uti
228 1739 267 1787 ex
282 1718 407 1789 ultimis
422 1720 791 1808 epistolaeduodecimae,
809 1728 948 1808 utraque
963 1721 1078 1809 lingua
1096 1731 1226 1791 contex-

152 1835 213 1919 tis,
232 1835 379 1906 uorsibus
395 1835 485 1904 baud
504 1835 604 1906 dubie
625 1836 822 1920 ostenditur,
840 1838 961 1925 quibus
980 1838 1092 1922 Paulo,
1117 1839 1152 1906 in
1176 1859 1227 1907 ca·

153 1949 285 2018 thedris
305 1950 444 2038 ingratis
464 1971 525 2018 nec
547 1950 723 2019 fructuosis
750 1959 855 2018 artem
874 1949 1028 2034 tradenti,
1044 1952 1125 2021 levis
1155 1973 1228 2020 arca

154 2072 332 2155 sumptum
347 2067 382 2134 in
398 2065 468 2134 dies
487 2067 650 2135 minorem
675 2066 914 2157 suppeditasse,
931 2067 1131 2154 iterumque,
1148 2089 1229 2157 prae·

154 2181 254 2249 dium
271 2182 355 2271 ejus,
373 2181 594 2267 Crebennum,
612 2184 711 2272 longa
728 2191 822 2253 aetate
845 2183 970 2267 uenale,
993 2204 1060 2252 non
1074 2183 1228 2252 habuisse

155 2306 345 2388 emptorem
362 2296 491 2366 dicitur.

204 2415 321 2483 Noster
332 2415 444 2498 Paulo,
457 2413 511 2482 oui
520 2415 653 2484 intimas
664 2415 815 2483 tradebat
827 2415 1052 2503 cogitationes,
1066 2415 1147 2485 adeo
1159 2424 1230 2485 ute-

157 2533 260 2601 batur
280 2530 496 2615 familiariter,
518 2538 554 2599 ut
574 2553 652 2600 eum
672 2531 827 2625 omnibus
841 2533 910 2601 lere
938 2533 1096 2622 epistolis,
1117 2553 1230 2603 versus

160 2668 260 2718 causa
276 2647 441 2717 condendi
456 2669 522 2717 una
537 2656 570 2717 et
584 2649 757 2732 recitandi,
775 2650 817 2717 ad
838 2671 872 2718 se
897 2660 1086 2719 arcesseret.
1110 2652 1232 2720 Rhetor

159 2763 260 2833 amici
271 2765 355 2834 seria
364 2772 397 2832 et
406 2763 497 2852 jocos
508 2772 602 2832 norat
616 2773 753 2833 tractare
763 2787 770 2848 ;
782 2787 895 2834 secum
905 2767 1032 2854 igitur«
1042 2766 1093 2836 vel
1104 2766 1232 2854 terJ'uga

159 2878 267 2946 millia
280 2877 421 2969 epodon,
443 2879 493 2947 vel
509 2879 610 2948 salsas
629 2879 717 2963 lites,
736 2907 753 2942 u
782 2882 943 2971 carpentis
963 2881 1127 2970 imposita,
1149 2881 1233 2948 lere·

160 2996 233 3079 bat,
254 3004 292 3064 ut
305 2995 443 3085 hospitis
463 2995 619 3083 illiusque
645 2995 857 3065 convivarum
873 2997 1050 3064 oblectaret
1068 2996 1144 3063 otia.
1168 2998 1233 3065 Nec

161 3114 276 3203 lepore
293 3111 436 3200 quodam
452 3120 485 3179 et
499 3112 625 3199 ingenii
640 3112 827 3180 amenitate
847 3113 983 3180 sortasse
998 3112 1152 3182 carebant
1166 3133 1234 3182 car·

164 3229 257 3297 mina
276 3227 367 3297 Pauli
395 3229 463 3310 illa,
486 3249 562 3296 cum
583 3229 710 3310 Noster,
734 3229 873 3297 rhetoris
903 3228 1056 3317 operibus
1068 3229 1233 3319 perlectis,

165 3366 227 3415 sua
240 3344 383 3434 prolerre
403 3343 579 3428 dubitaret,
596 3353 628 3414 et
641 3345 770 3414 conscio
783 3345 846 3414 sibi
860 3344 997 3435 pudore,
1018 3373 1034 3408 c
1048 3345 1233 3427 dissonum,

166 3481 269 3550 quem
287 3460 483 3529 colonomon
503 3486 519 3521 o
543 3461 739 3551 appellabat,
759 3461 901 3530 celatum
916 3462 1120 3551 reprimeret.

212 3578 278 3646 Nec
296 3597 373 3647 vero
388 3577 552 3645 Ausonius
570 3577 710 3666 ejusque
734 3579 831 3647 amici
854 3585 984 3668 tempus
1001 3580 1036 3646 in
1055 3577 1235 3648 scribendis

168 3693 268 3762 modo
282 3694 331 3762 vel
342 3693 517 3763 recitandis
536 3695 752 3779 carminibus,
771 3695 944 3764 sedetiam
962 3695 997 3762 in
1008 3693 1142 3784 dapium
1155 3695 1237 3763 vini-

169 3829 235 3897 que
251 3809 377 3879 deliciis
391 3810 641 3880 consumebant.
663 3811 784 3880 Omnes
799 3811 992 3880 lautioribus
1005 3811 1131 3879 mensis
1146 3810 1238 3879 adhi-

168 3925 345 4010 bebantur,
364 3933 463 4015 atque
479 3926 607 3996 erudito
620 3929 727 4018 palato
744 3927 975 3997 suavissimum
990 3935 1174 3997 ostreorum
1189 3948 1239 3996 sa-

170 4062 300 4133 porem,
313 4043 505 4134 Cererisque
521 4043 645 4114 tructus
653 4043 818 4133 jucundos
829 4052 863 4116 et
875 4044 1026 4117 liberales
1045 4044 1158 4135 epulas
1170 4044 1241 4116 lau-
