2730 4926
669 414 824 469 ..4-

219 584 272 644 tur
286 576 308 641 ¹.
332 573 471 640 »Nemo
496 571 537 638 ad
563 592 600 639 ea
626 571 835 654 evehebatur,
858 571 938 660 quin
962 574 1065 641 multa
1087 574 1280 643 amenitate

218 689 344 778 ingenii
369 696 402 757 et
426 688 512 756 varia
546 686 729 756 eruditione
764 696 850 756 esset
881 688 1164 772 commcndabilis,
1199 711 1279 759 cum

217 809 286 875 haec
302 805 418 886 officia,
437 803 536 892 digne
556 803 718 886 obeunda,
740 804 909 872 scientiam
922 804 962 871 ab
982 825 1019 872 eo
1033 805 1090 893 qui
1102 806 1156 873 illa
1178 827 1280 896 appe-

217 922 307 990 tebat
317 923 533 1009 requlrerent.
556 921 625 988 Non
641 918 739 988 modo
757 920 870 1007 legum
884 920 1034 1009 jurisque
1048 924 1176 990 romani
1190 925 1280 1012 peri·

215 1039 393 1119 tissimum,
424 1036 484 1104 sed
502 1037 643 1104 manime
667 1036 702 1103 in
724 1036 909 1124 eloquentia
929 1046 1093 1105 versatum
1118 1058 1155 1105 ea
1182 1048 1280 1108 aetate

216 1154 352 1222 decebat
375 1173 447 1221 esse
462 1153 655 1241 quemlibet,
694 1160 731 1220 ut
745 1151 786 1220 ad
805 1153 974 1240 quaestoris
994 1162 1050 1221 aut
1062 1154 1205 1242 praefecti
1221 1165 1279 1224 aut

214 1271 387 1360 provinciae
411 1269 627 1358 procuratoris
652 1289 774 1337 munus
799 1269 861 1337 sibi
883 1270 968 1338 viam
991 1272 1146 1338 muniret.
1178 1271 1276 1348 Dein,

215 1408 287 1477 quae
302 1387 526 1476 imperatores,
545 1388 773 1474 Vespasianus
792 1384 984 1468 Hadrianus
1016 1386 1198 1455 Alexander
1220 1388 1280 1456 Se-

214 1523 323 1585 verus,
363 1503 582 1570 Diocletianus
616 1502 755 1591 ejusque
786 1521 990 1570 successores
1015 1503 1049 1569 in
1074 1504 1277 1591 professores

215 1619 363 1686 certatim
379 1619 584 1687 contulerant
605 1618 774 1707 privilegia
788 1628 843 1685 aut
867 1617 1041 1707 stipendia,
1069 1620 1138 1686 haec
1153 1619 1281 1708 majora

215 1734 407 1802 docentibus
424 1734 595 1801 commoda
610 1734 800 1816 afferebant,
818 1755 917 1822 quam
931 1734 1092 1802 utlitteris
1108 1734 1278 1803 tradendis

214 1850 369 1940 permulti
388 1850 480 1918 avide
506 1871 572 1916 uon
596 1871 654 1938 pro
669 1849 752 1917 virili
767 1860 857 1939 parte
877 1850 1098 1936 indulgerent.
1116 1849 1275 1935 Tandem,

215 1988 288 2035 eam
308 1967 428 2033 famam
449 1966 563 2053 gallica
584 1966 765 2053 gymnasia,
783 1966 818 2032 iu
838 1965 907 2034 dies
920 1966 1081 2047 florentia,
1100 1978 1277 2035 consecuta

215 2083 356 2162 fuerant,
385 2091 421 2149 ut
450 2082 570 2149 axillis
590 2102 656 2149 non
676 2091 804 2148 tantum
822 2091 953 2149 remotae
969 2085 1134 2169 regiones,
1153 2082 1211 2150 scd
1229 2105 1277 2151 eae

215 2199 313 2266 etiam
333 2199 367 2265 iu
384 2198 504 2286 quibus
521 2197 772 2284 diligentissime
795 2197 985 2265 colebantur
1000 2198 1190 2287 discipline,
1215 2221 1277 2267 no-

214 2313 272 2381 bili
309 2315 490 2382 mutatione
515 2315 579 2382 sibi
607 2316 725 2403 saepius
754 2314 954 2403 professores
991 2314 1204 2397 vindicarent,
1238 2336 1277 2384 ea

212 2430 392 2517 prasertim
417 2439 528 2497 mento
553 2439 590 2498 ut
614 2431 778 2519 propriam
804 2439 1021 2519 propagarent
1040 2431 1189 2517 gloriam.
1211 2433 1273 2514 lta,

214 2547 326 2612 Patera
355 2548 404 2633 (ut
427 2546 567 2632 aequales
592 2557 694 2634 pcetae
708 2547 810 2613 nostri
830 2545 927 2613 modo
943 2553 1145 2631 recenseam)
1164 2549 1275 2616 Romoe

214 2660 362 2743 docebat,
390 2661 501 2748 ibique
520 2662 640 2729 multos
669 2662 817 2749 insigues
848 2663 932 2730 viros
948 2663 1135 2731 informavit
1150 2662 1191 2730 ad
1207 2664 1277 2733 elo-

214 2779 394 2864 quentiam.
412 2778 567 2846 llinervio
580 2798 724 2865 quoque,
746 2777 880 2845 Ausonii
899 2779 1002 2868 ipsius
1021 2780 1191 2867 magistro,

460 3009 619 3063 lllustres...
636 3011 815 3079 praecoptore
829 3009 947 3064 fuerunt

487 3098 761 3169 Constantinopolis,
779 3099 880 3154 Roma.

256 3309 411 3397 Magnum
431 3310 616 3393 llrbcrium,
635 3312 832 3379 avunculum
856 3309 1017 3400 ejusdem.
1036 3320 1069 3380 et
1088 3313 1273 3383 Constanti·

211 3426 369 3514 uopclim‚
383 3427 515 3495 Caesaris
532 3428 662 3516 optimis
682 3428 840 3497 institutis
852 3427 1023 3495 imbuendi
1043 3449 1139 3497 causa
1154 3430 1178 3511 2,
1204 3451 1276 3499 nou

211 3541 384 3610 mediocris
414 3542 500 3609 fama
530 3543 676 3611 adscivit.

255 3656 379 3734 Quibus
407 3667 494 3726 certe
516 3659 669 3727 omnibus
696 3659 857 3728 Ausonius
881 3659 1040 3729 adductus
1064 3668 1113 3728 est
1132 3668 1169 3729 ut
1183 3662 1274 3732 inter

211 3773 454 3862 Burdigalensis
470 3775 633 3864 gymnasii
654 3775 854 3864 professores
867 3796 902 3845 se
919 3775 1160 3844 admittendum
1177 3797 1275 3846 cura·

243 4033 265 4082 l.
279 4031 367 4094 Epist.
382 4045 399 4092 1,
415 4034 454 4084 21.

241 4113 263 4159 2.
280 4111 363 4171 Prof,
379 4125 413 4171 1v,
428 4126 446 4171 r,
462 4125 518 4172 xvr;
533 4113 606 4172 Par,
622 4107 662 4163 111.⁷
