2730 4926
608 393 784 458 -85-
884 461 885 464 ,

161 570 199 632 ut
217 563 303 631 inter
325 560 453 631 nobiles
474 566 586 650 poetas
611 568 820 644 numeretur;
838 561 919 649 quin
936 561 1017 645 imo,
1029 582 1104 630 mox
1119 561 1227 632 eidem

160 699 283 748 nomen
301 686 405 769 poete
430 677 683 766 denegabimus,
709 684 747 745 ut
771 677 819 746 illi
844 677 1071 746 versificatoris
1097 685 1227 747 tantum

160 771 440 864 tribuamus.'ulsi
456 801 568 863 autem
583 801 675 863 tanto
694 796 819 863 honore
835 814 943 863 carere
964 795 1099 863 omnino
1114 794 1224 878 debet,

160 911 290 980 ridetur
313 918 424 979 tamen
448 910 590 998 equales
624 910 692 978 fere
717 930 832 978 omnes
860 909 987 998 ingenii
1013 911 1166 979 acumine
1192 917 1226 980 et

158 1027 317 1096 suauitate
333 1027 517 1095 carminum
537 1026 752 1116 superavisse.

203 1146 270 1213 Rex
303 1143 393 1212 enim
418 1143 527 1212 Galliae
551 1144 738 1211 scholarum
769 1142 914 1225 habitus,
936 1163 1091 1211 coronam
1109 1163 1225 1212 cuma

158 1261 357 1344 rhetoribus,
375 1267 447 1328 tum
462 1281 480 1328 a
493 1259 715 1348 grammaticis
732 1258 834 1328 victor
848 1259 942 1328 facile
957 1258 1146 1349 accipiebat.
1162 1259 1226 1327 Sed

157 1399 244 1466 aegre
266 1376 520 1466 dijudicaremus
537 1397 578 1443 an
597 1374 686 1464 quod
705 1376 846 1464 equales
861 1375 923 1465 ipsi
939 1375 1129 1444 tribuebant
1143 1396 1224 1464 prae-

156 1495 290 1563 conium
309 1500 503 1589 mereretur,
521 1514 598 1561 curn
620 1493 854 1583 plerorumque
884 1492 1041 1574 carmina,
1066 1511 1138 1579 quae
1154 1491 1222 1561 fere

155 1619 222 1679 tota
240 1610 361 1699 injuria
380 1616 568 1700 temporum
583 1611 765 1700 perierunt,
783 1608 825 1677 ad
837 1629 896 1677 nos
913 1630 980 1677 non
996 1609 1221 1699 pervenerint,
1302 1605 1305 1612 ’

155 1747 216 1796 nec
243 1747 281 1795 ea
307 1747 382 1794 cum
401 1726 490 1794 illius
511 1726 639 1816 scriptis
666 1725 813 1794 conferre
830 1725 995 1815 possimus
1010 1746 1018 1793 τ
1035 1725 1123 1794 inter
1149 1746 1222 1814 quae

153 1844 222 1911 dxii
240 1843 343 1926 Pauli,
365 1844 512 1930 Gregorii
534 1841 688 1925 Tetradii,
706 1842 896 1932 Afraniiquo
922 1842 1049 1931 Syagrii
1065 1850 1098 1911 et
1114 1842 1222 1911 Pacati

153 1959 305 2048 Drepanii
321 1980 418 2048 opera
437 1959 627 2027 nominabo,
644 1959 809 2041 Attamen,
831 1965 993 2046 quantum
1003 1957 1219 2027 meditatione

152 2082 186 2143 et
201 2075 386 2163 conjectura
400 2074 573 2163 adsequor,
588 2074 751 2144 Ausonius
762 2081 873 2163 poetas
889 2075 961 2143 illos
972 2074 1087 2144 vicisse
1100 2075 1218 2143 merito

151 2173 298 2273 videtur;
320 2211 409 2272 nam,
429 2211 488 2279 per
511 2191 628 2259 saecula
653 2189 845 2279 posteriora,
872 2190 1002 2258 nullum
1030 2211 1069 2259 er
1097 2191 1218 2258 horum

151 2305 278 2394 scriptis
298 2304 494 2374 servandum
517 2304 607 2372 haud
626 2304 726 2373 dubie
747 2311 955 2386 curaverunt,
972 2303 1061 2391 quod
1075 2303 1158 2372 nibil
1172 2303 1220 2372 in·

151 2420 191 2489 iis
201 2421 367 2489 memorie
381 2420 681 2489 commendandum
697 2419 867 2502 videbant3
885 2439 999 2506 quare,
1012 2425 1050 2487 ut
1063 2438 1137 2486 mea
1155 2420 1212 2507 qui

152 2536 229 2604 dem
253 2535 361 2626 opinio
385 2537 458 2624 fert,
485 2558 549 2625 qua
573 2535 725 2604 delentur
750 2535 950 2624 sempiterna
974 2533 1092 2603 oblivio
1116 2534 1217 2624 scrip·

151 2662 238 2720 tores
255 2673 310 2721 eos
324 2651 467 2721 Ausonio
487 2652 624 2721 cessisse
644 2652 714 2720 sine
733 2651 952 2721 controversia
971 2649 1106 2720 indicat.

195 2770 287 2837 Nunc
297 2789 372 2837 vero
384 2768 425 2836 ad
434 2776 558 2858 poetas,
572 2790 713 2857 quorum
724 2767 937 2857 operaadbuc
946 2773 1084 2850 exstant,
1095 2786 1215 2859 nempe

150 2885 191 2954 ad
212 2885 385 2967 bvienum,
414 2885 663 2973 Palladiumque
689 2892 722 2953 et
739 2885 934 2965 Iuvencum,
958 2903 1017 2950 nos
1046 2892 1213 2952 converta-

149 3022 236 3070 mus.
253 3001 398 3080 Quorum
413 3001 507 3069 samae
522 3001 686 3069 Ausonius
703 3020 761 3068 sua
783 2997 881 3067 laude
898 3018 1030 3086 quopre
1055 2997 1180 3066 obstitit
1202 3021 1210 3067 ε

149 3119 266 3186 merito
285 3117 432 3206 quidem.
453 3117 574 3186 Omnes
590 3117 680 3185 enim
700 3115 912 3184 materiarum
935 3113 1090 3198 novitate,
1106 3113 1216 3182 erudi·

148 3233 237 3302 tione
257 3254 293 3302 ac
321 3234 486 3316 varietate,
512 3241 568 3302 aut
591 3233 658 3301 stili
674 3232 837 3321 elegantia
852 3238 886 3300 et
912 3229 1064 3300 dictionis
1079 3231 1213 3321 poeticae

149 3351 307 3420 suavitate
327 3359 470 3441 superat.

192 3467 352 3555 Namque,
382 3466 462 3535 dum
485 3466 710 3556 prestantiora
738 3464 876 3533 Ausonii
902 3463 1060 3547 carmina,
1089 3464 1215 3533 scilicet

146 3583 289 3665 Mosella,
311 3583 436 3673 Cupido
461 3583 549 3651 cruci
569 3581 707 3665 adlisus,
725 3582 869 3671 epistolae
894 3581 935 3649 ad
953 3581 1062 3649 filium
1078 3587 1135 3649 aut
1154 3600 1212 3648 ne·

146 3707 271 3788 potem,
300 3706 379 3781 etc,
398 3699 524 3788 ingenii
552 3697 753 3766 iocunditate
780 3698 921 3786 placent,
946 3715 1008 3764 nec
1033 3693 1074 3763 ad
1109 3695 1215 3763 ullum

147 3817 312 3905 exemplar
327 3816 507 3904 excogitata
530 3814 677 3896 suerunt,
700 3851 742 3864 —
767 3818 959 3881 caeterorum
986 3831 1084 3901 opera
1110 3818 1214 3880 mate-

146 3929 223 4012 rias,
240 3950 321 4019 quas
336 3930 389 4000 alii
408 3930 479 4019 jam
499 3935 736 4019 expresserant,
758 3928 856 3996 modo
881 3933 1047 3995 renovant.
1065 3925 1207 3995 Avienus

146 4045 236 4114 enim
250 4066 371 4134 graecos
387 4052 535 4116 auctores
550 4045 595 4114 ila
619 4045 766 4115 imitatus
783 4051 845 4126 est,
862 4050 900 4112 ut
922 4042 1055 4114 illorum
1074 4041 1207 4131 scripta.
