2730 4926
592 406 768 494 ..23-

193 570 234 636 lt
260 567 395 636 Ausonii
422 568 670 656 epigrammata,
698 575 734 636 ut
754 570 904 649 nonnulli
933 570 1022 638 haud
1047 571 1211 641 immerito

144 683 348 781 judicarunt,
366 676 495 752 cumM.
506 684 543 753 V.
553 683 706 754 Martialis
722 687 1013 781 epigrammatibus
1024 709 1109 776 egre
1124 710 1212 756 com·

147 808 360 890 ponerentur.
378 799 535 888 Ejusdem
548 801 678 887 generis
693 799 882 870 condiderat
892 802 1035 871 carmina
1048 783 1211 892 gramma-

147 917 232 1006 ticus
248 916 395 1005 quidam,
414 916 463 985 vel
489 918 700 985 scholasticus
720 926 828 1006 poeta,
857 919 1032 988 Pentadius
1060 921 1207 1005 nomine,

147 1034 215 1103 iere
232 1032 379 1123 supparis
395 1041 488 1100 atate
503 1035 659 1102 Ausonio.
678 1035 1051 1114 coascende—Narcisso
1074 1039 1211 1127 scripse-

146 1158 198 1218 rat
213 1172 221 1218 :
237 1149 278 1218 de
288 1149 404 1219 eodem
419 1152 535 1219 Noster
549 1158 582 1218 et
596 1160 739 1239 quatuor
749 1149 1001 1244 (XCVI-XCIX).
1013 1153 1082 1221 dlia
1097 1156 1212 1223 Penta-

147 1266 221 1335 dius
234 1265 274 1334 de
288 1266 417 1334 tumulo
437 1265 556 1335 dlcidis
577 1268 803 1357 Hectorisque,
832 1268 872 1336 de
891 1271 1114 1358 chrysocome
1130 1270 1214 1340 etde

146 1382 292 1471 Virgilio,
311 1390 372 1450 etc.
386 1383 462 1462 Quae
485 1390 595 1452 autem
610 1384 744 1452 Ausonii
760 1385 958 1468 notavimus,
992 1394 1059 1455 arte
1084 1388 1211 1477 poetica

145 1499 338 1588 ingeniique
357 1501 508 1568 acumine
522 1502 626 1569 multo
641 1501 863 1591 prestantium
878 1501 972 1570 nohis
985 1503 1148 1571 videntur.

191 1617 381 1703 Sequuntur
394 1617 630 1705 epigrammata
646 1618 766 1706 quibus
782 1618 947 1686 Ausonius
968 1619 1127 1686 fastorum
1144 1640 1161 1686 a
1177 1640 1212 1688 se

144 1731 349 1819 digestorum
383 1733 578 1799 memoriam
603 1732 714 1800 tradit.
756 1734 817 1812 Qui
843 1734 1014 1822 perierunt
1040 1735 1115 1803 insti
1145 1757 1211 1804 non

147 1863 278 1912 summo
295 1862 430 1930 poeseos
455 1841 588 1924 damno,
609 1842 667 1910 sed
686 1843 841 1926 historia,
873 1866 950 1912 cum
979 1847 1114 1913 nomina
1129 1848 1211 1915 Latii

145 1957 458 2026 claranebiliterent.
477 1959 536 2027 llla
552 1957 592 2026 de
608 1958 728 2047 quibus
743 1960 851 2048 agitur
872 1962 1108 2049 epigrammata
1120 1963 1211 2030 nulla

146 2071 333 2141 amoenitate
344 2073 484 2160 fulgent,
514 2094 550 2141 ac
561 2074 788 2143 tantummodo
798 2077 1063 2165 supputationem
1074 2077 1114 2144 ab
1126 2077 1210 2146 Urbe

146 2188 275 2258 condita
285 2190 320 2258 in
335 2190 542 2258 consulatum
552 2182 674 2279 poetae,
686 2191 845 2280 lususque
855 2190 1004 2260 difficiles
1019 2201 1051 2260 et
1062 2193 1211 2262 inficetos

145 2305 187 2373 de
213 2305 309 2375 uariis
333 2305 551 2395 exprimendae
581 2307 719 2395 hujusce
753 2308 993 2397 supputationis
1027 2309 1209 2406 rationibus

145 2421 328 2492 continent.

553 2669 607 2726 111.
622 2669 801 2753 Ephemeris.

190 2890 390 2987 Epdemeris
408 2901 515 2964 toturn
528 2893 593 2963 diei
609 2893 782 2981 negotium
801 2892 960 2960 continet.
977 2890 1133 2958 Nonnulli
1146 2891 1213 2958 du-

144 3015 289 3093 sonium‚
304 3013 380 3102 quia
397 3010 545 3101 Septimii
561 3011 672 3079 Severi
689 3009 856 3098 Opuscula
873 3007 993 3075 ruralia
1006 3005 1154 3104 legisset,
1170 3007 1210 3076 de

145 3127 317 3198 condendo
335 3130 398 3196 hoc
417 3127 561 3197 carmine
589 3127 749 3214 cogitasse
774 3123 1055 3217 existimaverunt.
1078 3123 1212 3190 Constat

146 3245 237 3325 enim
250 3244 446 3333 Septimium
461 3245 617 3312 Severum
633 3243 764 3330 singula
781 3239 1001 3308 rusticationis
1012 3259 1110 3328 opera
1124 3241 1211 3309 vario

146 3370 328 3430 metrorum
344 3381 465 3448 genere
479 3358 702 3448 descripsisse,
712 3355 1041 3444 illiusqueidyllium
1052 3355 1213 3443 quodllo·

148 3487 256 3548 retum
273 3477 473 3559 inscribitur,
492 3475 532 3544 de
552 3477 658 3565 primo
685 3473 834 3562 agricole
854 3472 987 3559 negotio
1003 3492 1112 3559 agere.
1136 3472 1214 3539 Nos·

147 3603 198 3664 ter
214 3615 288 3662 vero
302 3602 335 3662 et
350 3593 496 3680 singulas
515 3591 672 3672 hominie,
698 3589 822 3657 divitiis
845 3587 1011 3676 pollentis,
1038 3586 1215 3675 cujuslibet

147 3719 257 3802 partes
274 3710 368 3778 variis
388 3709 535 3778 versibus
551 3706 704 3775 narravit.
718 3704 965 3773 Animadvertas
977 3711 1088 3771 autem
1100 3703 1212 3784 velim,

149 3835 185 3895 ut
201 3825 236 3892 in
251 3823 470 3914 Ephemeride
490 3824 671 3892 orationem
687 3822 728 3890 ad
751 3823 856 3889 Deum
880 3818 1042 3887 Ausonius
1062 3818 1212 3901 inseruit,

150 3940 197 4010 sic
217 3943 375 4008 Severum
392 3940 427 4007 in
447 3940 612 4029 opusculis
639 3938 680 4006 ad
697 3938 817 4005 lanum
837 3943 963 4025 patrem
978 3934 1213 4023 precationem.

194 4055 423 4148 Ephemepidis
439 4051 513 4125 vero
535 4075 667 4124 carmen
682 4074 749 4121 non
774 4051 815 4120 ad
838 4071 899 4148 nos
920 4059 1027 4119 totum
1051 4049 1212 4140 pervenit.
