<?xml version="1.0" encoding="UTF-8"?>
<!DOCTYPE html PUBLIC "-//W3C//DTD XHTML 1.0 Transitional//EN"
    "http://www.w3.org/TR/xhtml1/DTD/xhtml1-transitional.dtd">
<html xmlns="http://www.w3.org/1999/xhtml" xml:lang="en" lang="en">
 <head>
  <title>
</title>
<meta http-equiv="Content-Type" content="text/html;charset=utf-8" />
  <meta name='ocr-system' content='tesseract 3.04.00' />
  <meta name='ocr-capabilities' content='ocr_page ocr_carea ocr_par ocr_line ocrx_word'/>
</head>
<body>
  <div class='ocr_page' id='page_1' title='image "./dedmausoniioper00evergoog_0128.png"; bbox 0 0 2730 4926; ppageno 0'>
   <div class='ocr_carea' id='block_1_1' title="bbox 522 409 721 474">
    <p class='ocr_par' dir='ltr' id='par_1_1' title="bbox 522 409 721 474">
     <span class='ocr_line' id='line_1_1' title="bbox 522 409 721 474; baseline -0.005 0"><span class='ocrx_word' id='word_1_1' title='bbox 522 409 721 474; x_wconf 87' lang='lat' dir='ltr'>-lll-</span> 
     </span>
    </p>
   </div>
   <div class='ocr_carea' id='block_1_2' title="bbox 74 576 1235 3912">
    <p class='ocr_par' dir='ltr' id='par_1_2' title="bbox 74 576 1143 879">
     <span class='ocr_line' id='line_1_2' title="bbox 74 576 1143 666; baseline 0.001 -20"><span class='ocrx_word' id='word_1_2' title='bbox 74 578 153 648; x_wconf 89' lang='lat' dir='ltr'>dem</span> <span class='ocrx_word' id='word_1_3' title='bbox 164 596 333 666; x_wconf 90' lang='lat' dir='ltr'>responso,</span> <span class='ocrx_word' id='word_1_4' title='bbox 345 578 430 644; x_wconf 90' lang='lat' dir='ltr'>hanc</span> <span class='ocrx_word' id='word_1_5' title='bbox 444 576 578 646; x_wconf 87' lang='lat' dir='ltr'>fovisset</span> <span class='ocrx_word' id='word_1_6' title='bbox 587 596 695 666; x_wconf 91' lang='lat' dir='ltr'>spem,</span> <span class='ocrx_word' id='word_1_7' title='bbox 708 576 876 645; x_wconf 87' lang='lat' dir='ltr'>seiteratis</span> <span class='ocrx_word' id='word_1_8' title='bbox 888 576 1143 666; x_wconf 73' lang='lat' dir='ltr'>fortioribusque</span> 
     </span>
     <span class='ocr_line' id='line_1_3' title="bbox 75 692 1142 784; baseline -0.001 -20"><span class='ocrx_word' id='word_1_9' title='bbox 75 695 186 765; x_wconf 85' lang='lat' dir='ltr'>verbis</span> <span class='ocrx_word' id='word_1_10' title='bbox 201 692 236 761; x_wconf 91' lang='lat' dir='ltr'>id</span> <span class='ocrx_word' id='word_1_11' title='bbox 251 701 506 762; x_wconf 89' lang='lat' dir='ltr'>consecuturum</span> <span class='ocrx_word' id='word_1_12' title='bbox 519 713 604 776; x_wconf 90' lang='lat' dir='ltr'>esse,</span> <span class='ocrx_word' id='word_1_13' title='bbox 617 701 655 761; x_wconf 91' lang='lat' dir='ltr'>ut</span> <span class='ocrx_word' id='word_1_14' title='bbox 665 692 841 762; x_wconf 92' lang='lat' dir='ltr'>Paulinum</span> <span class='ocrx_word' id='word_1_15' title='bbox 853 693 966 763; x_wconf 89' lang='lat' dir='ltr'>amicis</span> <span class='ocrx_word' id='word_1_16' title='bbox 976 693 1142 784; x_wconf 83' lang='lat' dir='ltr'>Musisque</span> 
     </span>
     <span class='ocr_line' id='line_1_4' title="bbox 76 809 241 879; baseline -0.006 -1"><span class='ocrx_word' id='word_1_17' title='bbox 76 809 241 879; x_wconf 86' lang='lat' dir='ltr'>redderet.</span> 
     </span>
    </p>

    <p class='ocr_par' dir='ltr' id='par_1_3' title="bbox 76 925 1235 3912">
     <span class='ocr_line' id='line_1_5' title="bbox 120 925 1145 1016; baseline 0.001 -22"><span class='ocrx_word' id='word_1_18' title='bbox 120 926 206 1005; x_wconf 42' lang='lat' dir='ltr'>Quae&gt;</span> <span class='ocrx_word' id='word_1_19' title='bbox 221 933 332 993; x_wconf 88' lang='lat' dir='ltr'>autern</span> <span class='ocrx_word' id='word_1_20' title='bbox 361 932 556 1012; x_wconf 88' lang='lat' dir='ltr'>argumenta</span> <span class='ocrx_word' id='word_1_21' title='bbox 585 925 860 1016; x_wconf 86' lang='lat' dir='ltr'>adprobandum</span> <span class='ocrx_word' id='word_1_22' title='bbox 888 925 1019 994; x_wconf 89' lang='lat' dir='ltr'>infirma</span> <span class='ocrx_word' id='word_1_23' title='bbox 1048 928 1145 997; x_wconf 90' lang='lat' dir='ltr'>nobis</span> 
     </span>
     <span class='ocr_line' id='line_1_6' title="bbox 76 1041 1145 1126; baseline -0.001 -15"><span class='ocrx_word' id='word_1_24' title='bbox 76 1041 240 1112; x_wconf 85' lang='lat' dir='ltr'>videntur.</span> <span class='ocrx_word' id='word_1_25' title='bbox 254 1042 335 1108; x_wconf 89' lang='lat' dir='ltr'>Nam</span> <span class='ocrx_word' id='word_1_26' title='bbox 345 1041 525 1124; x_wconf 76' lang='lat' dir='ltr'>Ausonius,</span> <span class='ocrx_word' id='word_1_27' title='bbox 540 1041 568 1110; x_wconf 90' lang='lat' dir='ltr'>si</span> <span class='ocrx_word' id='word_1_28' title='bbox 582 1041 707 1110; x_wconf 80' lang='lat' dir='ltr'><strong>litteras</strong></span> <span class='ocrx_word' id='word_1_29' title='bbox 727 1069 744 1105; x_wconf 88' lang='lat'>«</span> <span class='ocrx_word' id='word_1_30' title='bbox 758 1041 959 1111; x_wconf 76' lang='lat' dir='ltr'>discutimus</span> <span class='ocrx_word' id='word_1_31' title='bbox 970 1068 1003 1126; x_wconf 90' lang='lat'>»,</span> <span class='ocrx_word' id='word_1_32' title='bbox 1018 1043 1145 1111; x_wconf 84' lang='lat' dir='ltr'>Paulini</span> 
     </span>
     <span class='ocr_line' id='line_1_7' title="bbox 77 1156 1146 1251; baseline 0 -25"><span class='ocrx_word' id='word_1_33' title='bbox 77 1157 215 1226; x_wconf 77' lang='lat' dir='ltr'>carmini</span> <span class='ocrx_word' id='word_1_34' title='bbox 230 1177 460 1251; x_wconf 81' lang='lat' dir='ltr'>responsurus,</span> <span class='ocrx_word' id='word_1_35' title='bbox 479 1156 635 1239; x_wconf 81' lang='lat' dir='ltr'>misisset,</span> <span class='ocrx_word' id='word_1_36' title='bbox 668 1164 755 1226; x_wconf 87' lang='lat' dir='ltr'>certe</span> <span class='ocrx_word' id='word_1_37' title='bbox 785 1159 874 1227; x_wconf 94' lang='lat' dir='ltr'>hunc</span> <span class='ocrx_word' id='word_1_38' title='bbox 899 1157 1029 1227; x_wconf 87' lang='lat' dir='ltr'>blandis</span> <span class='ocrx_word' id='word_1_39' title='bbox 1051 1156 1146 1226; x_wconf 90' lang='lat' dir='ltr'>dictis</span> 
     </span>
     <span class='ocr_line' id='line_1_8' title="bbox 76 1271 1148 1360; baseline 0 -20"><span class='ocrx_word' id='word_1_40' title='bbox 76 1274 239 1354; x_wconf 92' lang='lat' dir='ltr'>mulcens,</span> <span class='ocrx_word' id='word_1_41' title='bbox 256 1291 365 1340; x_wconf 90' lang='lat' dir='ltr'>euma</span> <span class='ocrx_word' id='word_1_42' title='bbox 380 1272 543 1341; x_wconf 88' lang='lat' dir='ltr'>sententia</span> <span class='ocrx_word' id='word_1_43' title='bbox 556 1271 735 1340; x_wconf 81' lang='lat' dir='ltr'>destituere</span> <span class='ocrx_word' id='word_1_44' title='bbox 752 1271 871 1341; x_wconf 89' lang='lat' dir='ltr'>leniter</span> <span class='ocrx_word' id='word_1_45' title='bbox 885 1271 1002 1340; x_wconf 81' lang='lat' dir='ltr'>luisset</span> <span class='ocrx_word' id='word_1_46' title='bbox 1014 1293 1148 1360; x_wconf 86' lang='lat' dir='ltr'>aggres-</span> 
     </span>
     <span class='ocr_line' id='line_1_9' title="bbox 77 1387 1145 1478; baseline -0.002 -21"><span class='ocrx_word' id='word_1_47' title='bbox 77 1408 152 1472; x_wconf 92' lang='lat' dir='ltr'>sus,</span> <span class='ocrx_word' id='word_1_48' title='bbox 180 1387 309 1456; x_wconf 91' lang='lat' dir='ltr'>nedum·</span> <span class='ocrx_word' id='word_1_49' title='bbox 332 1408 410 1456; x_wconf 91' lang='lat' dir='ltr'>eum</span> <span class='ocrx_word' id='word_1_50' title='bbox 426 1407 540 1478; x_wconf 88' lang='lat' dir='ltr'>aspere</span> <span class='ocrx_word' id='word_1_51' title='bbox 562 1394 734 1471; x_wconf 91' lang='lat' dir='ltr'>tractaret;</span> <span class='ocrx_word' id='word_1_52' title='bbox 765 1396 798 1455; x_wconf 85' lang='lat' dir='ltr'>at</span> <span class='ocrx_word' id='word_1_53' title='bbox 819 1388 957 1469; x_wconf 84' lang='lat' dir='ltr'>saltem,</span> <span class='ocrx_word' id='word_1_54' title='bbox 983 1389 1145 1468; x_wconf 76' lang='lat' dir='ltr'>rationeS,</span> 
     </span>
     <span class='ocr_line' id='line_1_10' title="bbox 78 1501 1148 1594; baseline -0.003 -21"><span class='ocrx_word' id='word_1_55' title='bbox 78 1526 160 1594; x_wconf 90' lang='lat' dir='ltr'>quas</span> <span class='ocrx_word' id='word_1_56' title='bbox 174 1506 329 1574; x_wconf 90' lang='lat' dir='ltr'>Paulinus</span> <span class='ocrx_word' id='word_1_57' title='bbox 345 1503 386 1572; x_wconf 91' lang='lat' dir='ltr'>ad</span> <span class='ocrx_word' id='word_1_58' title='bbox 398 1525 520 1574; x_wconf 83' lang='lat' dir='ltr'>novum</span> <span class='ocrx_word' id='word_1_59' title='bbox 537 1504 608 1572; x_wconf 85' lang='lat' dir='ltr'>vitae</span> <span class='ocrx_word' id='word_1_60' title='bbox 625 1524 731 1593; x_wconf 90' lang='lat' dir='ltr'>genus</span> <span class='ocrx_word' id='word_1_61' title='bbox 747 1501 1030 1593; x_wconf 89' lang='lat' dir='ltr'>comprobandum</span> <span class='ocrx_word' id='word_1_62' title='bbox 1045 1502 1148 1571; x_wconf 91' lang='lat' dir='ltr'>dedu-</span> 
     </span>
     <span class='ocr_line' id='line_1_11' title="bbox 78 1618 1146 1707; baseline -0.004 -19"><span class='ocrx_word' id='word_1_63' title='bbox 78 1628 179 1700; x_wconf 84' lang='lat' dir='ltr'>xerat,</span> <span class='ocrx_word' id='word_1_64' title='bbox 198 1619 394 1689; x_wconf 87' lang='lat' dir='ltr'>refellendas</span> <span class='ocrx_word' id='word_1_65' title='bbox 410 1620 601 1703; x_wconf 89' lang='lat' dir='ltr'>curavisset,</span> <span class='ocrx_word' id='word_1_66' title='bbox 615 1628 654 1699; x_wconf 87' lang='lat' dir='ltr'>ut</span> <span class='ocrx_word' id='word_1_67' title='bbox 667 1619 715 1687; x_wconf 92' lang='lat' dir='ltr'>illi</span> <span class='ocrx_word' id='word_1_68' title='bbox 728 1622 789 1687; x_wconf 93' lang='lat' dir='ltr'>hoc</span> <span class='ocrx_word' id='word_1_69' title='bbox 803 1618 925 1687; x_wconf 89' lang='lat' dir='ltr'>laceret</span> <span class='ocrx_word' id='word_1_70' title='bbox 939 1638 1146 1707; x_wconf 90' lang='lat' dir='ltr'>persuasum,</span> 
     </span>
     <span class='ocr_line' id='line_1_12' title="bbox 78 1733 1149 1827; baseline -0.001 -23"><span class='ocrx_word' id='word_1_71' title='bbox 78 1757 199 1827; x_wconf 93' lang='lat' dir='ltr'>nempe</span> <span class='ocrx_word' id='word_1_72' title='bbox 209 1736 284 1826; x_wconf 90' lang='lat' dir='ltr'>ipsi,</span> <span class='ocrx_word' id='word_1_73' title='bbox 306 1735 515 1823; x_wconf 79' lang='lat' dir='ltr'>Burdigalam</span> <span class='ocrx_word' id='word_1_74' title='bbox 530 1735 682 1805; x_wconf 86' lang='lat' dir='ltr'>redeunti</span> <span class='ocrx_word' id='word_1_75' title='bbox 701 1742 801 1823; x_wconf 88' lang='lat' dir='ltr'>atque</span> <span class='ocrx_word' id='word_1_76' title='bbox 816 1733 903 1824; x_wconf 93' lang='lat' dir='ltr'>apud</span> <span class='ocrx_word' id='word_1_77' title='bbox 919 1735 1041 1803; x_wconf 89' lang='lat' dir='ltr'>amicos</span> <span class='ocrx_word' id='word_1_78' title='bbox 1061 1755 1149 1803; x_wconf 91' lang='lat' dir='ltr'>com-</span> 
     </span>
     <span class='ocr_line' id='line_1_13' title="bbox 78 1849 1149 1942; baseline -0.005 -21"><span class='ocrx_word' id='word_1_79' title='bbox 78 1854 232 1931; x_wconf 86' lang='lat' dir='ltr'>moranti,</span> <span class='ocrx_word' id='word_1_80' title='bbox 242 1853 431 1921; x_wconf 84' lang='lat' dir='ltr'>facultatem</span> <span class='ocrx_word' id='word_1_81' title='bbox 443 1852 509 1920; x_wconf 86' lang='lat' dir='ltr'>Deo</span> <span class='ocrx_word' id='word_1_82' title='bbox 518 1850 682 1921; x_wconf 89' lang='lat' dir='ltr'>serviendi</span> <span class='ocrx_word' id='word_1_83' title='bbox 694 1849 962 1942; x_wconf 87' lang='lat' dir='ltr'>permittendam.</span> <span class='ocrx_word' id='word_1_84' title='bbox 974 1849 1149 1929; x_wconf 82' lang='lat' dir='ltr'>Quodvero</span> 
     </span>
     <span class='ocr_line' id='line_1_14' title="bbox 79 1966 1163 2051; baseline -0.001 -15"><span class='ocrx_word' id='word_1_85' title='bbox 79 1990 146 2037; x_wconf 92' lang='lat' dir='ltr'>non</span> <span class='ocrx_word' id='word_1_86' title='bbox 161 1967 259 2037; x_wconf 94' lang='lat' dir='ltr'>modo</span> <span class='ocrx_word' id='word_1_87' title='bbox 293 1990 360 2036; x_wconf 91' lang='lat' dir='ltr'>non</span> <span class='ocrx_word' id='word_1_88' title='bbox 389 1967 537 2050; x_wconf 87' lang='lat' dir='ltr'>tentavit,</span> <span class='ocrx_word' id='word_1_89' title='bbox 560 1967 619 2037; x_wconf 93' lang='lat' dir='ltr'>sed</span> <span class='ocrx_word' id='word_1_90' title='bbox 646 1968 758 2051; x_wconf 87' lang='lat' dir='ltr'>etiam,</span> <span class='ocrx_word' id='word_1_91' title='bbox 777 1966 839 2036; x_wconf 87' lang='lat' dir='ltr'>etsi</span> <span class='ocrx_word' id='word_1_92' title='bbox 856 1966 1012 2035; x_wconf 89' lang='lat' dir='ltr'>Paulinus</span> <span class='ocrx_word' id='word_1_93' title='bbox 1031 1966 1066 2032; x_wconf 92' lang='lat' dir='ltr'>in</span> <span class='ocrx_word' id='word_1_94' title='bbox 1082 1987 1163 2035; x_wconf 51' lang='lat' dir='ltr'>res»</span> 
     </span>
     <span class='ocr_line' id='line_1_15' title="bbox 81 2080 1149 2175; baseline -0.002 -23"><span class='ocrx_word' id='word_1_95' title='bbox 81 2084 374 2175; x_wconf 84' lang='lat' dir='ltr'>ponsollusoninm</span> <span class='ocrx_word' id='word_1_96' title='bbox 385 2083 527 2171; x_wconf 86' lang='lat' dir='ltr'>graviter</span> <span class='ocrx_word' id='word_1_97' title='bbox 537 2082 722 2172; x_wconf 86' lang='lat' dir='ltr'>objurgavit</span> <span class='ocrx_word' id='word_1_98' title='bbox 730 2081 881 2172; x_wconf 87' lang='lat' dir='ltr'>quodille</span> <span class='ocrx_word' id='word_1_99' title='bbox 888 2082 997 2172; x_wconf 87' lang='lat' dir='ltr'>ipsum</span> <span class='ocrx_word' id='word_1_100' title='bbox 1008 2080 1149 2172; x_wconf 92' lang='lat' dir='ltr'>impium</span> 
     </span>
     <span class='ocr_line' id='line_1_16' title="bbox 82 2197 1150 2289; baseline -0.002 -21"><span class='ocrx_word' id='word_1_101' title='bbox 82 2199 266 2289; x_wconf 85' lang='lat' dir='ltr'>appellavit,</span> <span class='ocrx_word' id='word_1_102' title='bbox 285 2208 318 2268; x_wconf 90' lang='lat' dir='ltr'>et</span> <span class='ocrx_word' id='word_1_103' title='bbox 331 2220 431 2287; x_wconf 89' lang='lat' dir='ltr'>quam</span> <span class='ocrx_word' id='word_1_104' title='bbox 448 2199 561 2269; x_wconf 91' lang='lat' dir='ltr'>incolit</span> <span class='ocrx_word' id='word_1_105' title='bbox 572 2199 744 2287; x_wconf 85' lang='lat' dir='ltr'>regionem</span> <span class='ocrx_word' id='word_1_106' title='bbox 755 2197 868 2287; x_wconf 89' lang='lat' dir='ltr'>jocose</span> <span class='ocrx_word' id='word_1_107' title='bbox 885 2197 1012 2281; x_wconf 84' lang='lat' dir='ltr'>derisit,</span> <span class='ocrx_word' id='word_1_108' title='bbox 1025 2197 1150 2266; x_wconf 89' lang='lat' dir='ltr'>Musas-</span> 
     </span>
     <span class='ocr_line' id='line_1_17' title="bbox 81 2312 1235 2404; baseline -0.001 -21"><span class='ocrx_word' id='word_1_109' title='bbox 81 2336 146 2404; x_wconf 90' lang='lat' dir='ltr'>qne</span> <span class='ocrx_word' id='word_1_110' title='bbox 166 2323 204 2383; x_wconf 91' lang='lat' dir='ltr'>ut</span> <span class='ocrx_word' id='word_1_111' title='bbox 218 2321 409 2386; x_wconf 74' lang='lat' dir='ltr'>revocarent</span> <span class='ocrx_word' id='word_1_112' title='bbox 424 2322 531 2384; x_wconf 86' lang='lat' dir='ltr'>vatem</span> <span class='ocrx_word' id='word_1_113' title='bbox 546 2316 734 2384; x_wconf 90' lang='lat' dir='ltr'>obsecratus</span> <span class='ocrx_word' id='word_1_114' title='bbox 750 2322 819 2397; x_wconf 89' lang='lat' dir='ltr'>est,</span> <span class='ocrx_word' id='word_1_115' title='bbox 846 2322 959 2383; x_wconf 88' lang='lat' dir='ltr'>tamen</span> <span class='ocrx_word' id='word_1_116' title='bbox 978 2313 1013 2380; x_wconf 94' lang='lat' dir='ltr'>in</span> <span class='ocrx_word' id='word_1_117' title='bbox 1032 2312 1150 2382; x_wconf 91' lang='lat' dir='ltr'>litteris</span> <span class='ocrx_word' id='word_1_118' title='bbox 1232 2358 1235 2362; x_wconf 29' lang='grc' dir='ltr'>ι</span> 
     </span>
     <span class='ocr_line' id='line_1_18' title="bbox 80 2429 1152 2519; baseline -0.002 -19"><span class='ocrx_word' id='word_1_119' title='bbox 80 2432 146 2500; x_wconf 89' lang='lat' dir='ltr'>illis</span> <span class='ocrx_word' id='word_1_120' title='bbox 156 2439 285 2500; x_wconf 91' lang='lat' dir='ltr'>tantum</span> <span class='ocrx_word' id='word_1_121' title='bbox 293 2430 413 2500; x_wconf 91' lang='lat' dir='ltr'>iisdem</span> <span class='ocrx_word' id='word_1_122' title='bbox 428 2431 552 2500; x_wconf 86' lang='lat' dir='ltr'>artibus</span> <span class='ocrx_word' id='word_1_123' title='bbox 572 2452 652 2501; x_wconf 90' lang='lat' dir='ltr'>usus</span> <span class='ocrx_word' id='word_1_124' title='bbox 663 2430 776 2515; x_wconf 71' lang='lat' dir='ltr'>estad</span> <span class='ocrx_word' id='word_1_125' title='bbox 789 2451 870 2519; x_wconf 91' lang='lat' dir='ltr'>quas</span> <span class='ocrx_word' id='word_1_126' title='bbox 878 2429 949 2518; x_wconf 87' lang='lat' dir='ltr'>jam</span> <span class='ocrx_word' id='word_1_127' title='bbox 960 2429 1152 2517; x_wconf 76' lang='lat' dir='ltr'>confugerat</span> 
     </span>
     <span class='ocr_line' id='line_1_19' title="bbox 81 2543 1152 2636; baseline -0.001 -22"><span class='ocrx_word' id='word_1_128' title='bbox 81 2554 115 2614; x_wconf 89' lang='lat' dir='ltr'>et</span> <span class='ocrx_word' id='word_1_129' title='bbox 132 2567 191 2636; x_wconf 91' lang='lat' dir='ltr'>per</span> <span class='ocrx_word' id='word_1_130' title='bbox 206 2567 287 2635; x_wconf 87' lang='lat' dir='ltr'>quas</span> <span class='ocrx_word' id='word_1_131' title='bbox 307 2547 398 2616; x_wconf 91' lang='lat' dir='ltr'>irrito</span> <span class='ocrx_word' id='word_1_132' title='bbox 417 2548 547 2636; x_wconf 92' lang='lat' dir='ltr'>incepto</span> <span class='ocrx_word' id='word_1_133' title='bbox 563 2546 718 2616; x_wconf 86' lang='lat' dir='ltr'>abiverat!</span> <span class='ocrx_word' id='word_1_134' title='bbox 740 2546 809 2625; x_wconf 83' lang='lat' dir='ltr'>Quo</span> <span class='ocrx_word' id='word_1_135' title='bbox 834 2565 944 2636; x_wconf 77' lang='lat' dir='ltr'>queso</span> <span class='ocrx_word' id='word_1_136' title='bbox 959 2543 1058 2614; x_wconf 93' lang='lat' dir='ltr'>modo</span> <span class='ocrx_word' id='word_1_137' title='bbox 1073 2545 1152 2613; x_wconf 91' lang='lat' dir='ltr'>Nos-</span> 
     </span>
     <span class='ocr_line' id='line_1_20' title="bbox 80 2661 1150 2750; baseline 0 -21"><span class='ocrx_word' id='word_1_138' title='bbox 80 2670 142 2745; x_wconf 90' lang='lat' dir='ltr'>ter,</span> <span class='ocrx_word' id='word_1_139' title='bbox 158 2662 210 2730; x_wconf 94' lang='lat' dir='ltr'>cui</span> <span class='ocrx_word' id='word_1_140' title='bbox 226 2661 418 2731; x_wconf 86' lang='lat' dir='ltr'>admirabile</span> <span class='ocrx_word' id='word_1_141' title='bbox 430 2663 538 2732; x_wconf 89' lang='lat' dir='ltr'>inerat</span> <span class='ocrx_word' id='word_1_142' title='bbox 551 2682 690 2730; x_wconf 90' lang='lat' dir='ltr'>acumen</span> <span class='ocrx_word' id='word_1_143' title='bbox 706 2661 850 2749; x_wconf 85' lang='lat' dir='ltr'>ingenii,</span> <span class='ocrx_word' id='word_1_144' title='bbox 868 2668 936 2729; x_wconf 94' lang='lat' dir='ltr'>tam</span> <span class='ocrx_word' id='word_1_145' title='bbox 948 2681 1150 2750; x_wconf 82' lang='lat' dir='ltr'>magnopere</span> 
     </span>
     <span class='ocr_line' id='line_1_21' title="bbox 81 2775 1152 2868; baseline -0.003 -22"><span class='ocrx_word' id='word_1_146' title='bbox 81 2785 237 2858; x_wconf 85' lang='lat' dir='ltr'>errasset,</span> <span class='ocrx_word' id='word_1_147' title='bbox 259 2786 297 2846; x_wconf 93' lang='lat' dir='ltr'>ut</span> <span class='ocrx_word' id='word_1_148' title='bbox 315 2779 422 2847; x_wconf 88' lang='lat' dir='ltr'>solum</span> <span class='ocrx_word' id='word_1_149' title='bbox 438 2799 476 2846; x_wconf 92' lang='lat' dir='ltr'>ea</span> <span class='ocrx_word' id='word_1_150' title='bbox 492 2785 656 2868; x_wconf 85' lang='lat' dir='ltr'>repeteret</span> <span class='ocrx_word' id='word_1_151' title='bbox 671 2799 744 2866; x_wconf 82' lang='lat' dir='ltr'>quae</span> <span class='ocrx_word' id='word_1_152' title='bbox 768 2777 838 2866; x_wconf 88' lang='lat' dir='ltr'>jam</span> <span class='ocrx_word' id='word_1_153' title='bbox 860 2776 901 2845; x_wconf 93' lang='lat' dir='ltr'>ad</span> <span class='ocrx_word' id='word_1_154' title='bbox 920 2776 1004 2845; x_wconf 92' lang='lat' dir='ltr'>nihil</span> <span class='ocrx_word' id='word_1_155' title='bbox 1028 2775 1152 2845; x_wconf 92' lang='lat' dir='ltr'>recide-</span> 
     </span>
     <span class='ocr_line' id='line_1_22' title="bbox 80 2891 1150 2983; baseline -0.002 -23"><span class='ocrx_word' id='word_1_156' title='bbox 80 2899 178 2961; x_wconf 82' lang='lat' dir='ltr'>rant?</span> <span class='ocrx_word' id='word_1_157' title='bbox 196 2893 287 2962; x_wconf 81' lang='lat' dir='ltr'>tude</span> <span class='ocrx_word' id='word_1_158' title='bbox 312 2892 422 2983; x_wconf 89' lang='lat' dir='ltr'>quod,</span> <span class='ocrx_word' id='word_1_159' title='bbox 446 2893 602 2962; x_wconf 86' lang='lat' dir='ltr'>Paulinus</span> <span class='ocrx_word' id='word_1_160' title='bbox 630 2893 744 2962; x_wconf 89' lang='lat' dir='ltr'>multis</span> <span class='ocrx_word' id='word_1_161' title='bbox 763 2893 843 2961; x_wconf 87' lang='lat' dir='ltr'>locis</span> <span class='ocrx_word' id='word_1_162' title='bbox 870 2913 947 2960; x_wconf 89' lang='lat' dir='ltr'>cum</span> <span class='ocrx_word' id='word_1_163' title='bbox 965 2900 1032 2960; x_wconf 89' lang='lat' dir='ltr'>tres</span> <span class='ocrx_word' id='word_1_164' title='bbox 1053 2891 1150 2959; x_wconf 89' lang='lat' dir='ltr'>amici</span> 
     </span>
     <span class='ocr_line' id='line_1_23' title="bbox 82 3007 1154 3093; baseline -0.003 -14"><span class='ocrx_word' id='word_1_165' title='bbox 82 3010 208 3079; x_wconf 86' lang='lat' dir='ltr'>litteras</span> <span class='ocrx_word' id='word_1_166' title='bbox 229 3010 376 3078; x_wconf 90' lang='lat' dir='ltr'>imitatus</span> <span class='ocrx_word' id='word_1_167' title='bbox 392 3017 491 3093; x_wconf 87' lang='lat' dir='ltr'>esset,</span> <span class='ocrx_word' id='word_1_168' title='bbox 513 3009 689 3079; x_wconf 88' lang='lat' dir='ltr'>credibiter</span> <span class='ocrx_word' id='word_1_169' title='bbox 703 3009 868 3078; x_wconf 79' lang='lat' dir='ltr'>Ausonius</span> <span class='ocrx_word' id='word_1_170' title='bbox 889 3007 1041 3076; x_wconf 90' lang='lat' dir='ltr'>eamdem</span> <span class='ocrx_word' id='word_1_171' title='bbox 1061 3007 1154 3076; x_wconf 92' lang='lat' dir='ltr'>abhi-</span> 
     </span>
     <span class='ocr_line' id='line_1_24' title="bbox 80 3122 1150 3210; baseline -0.003 -17"><span class='ocrx_word' id='word_1_172' title='bbox 80 3123 208 3193; x_wconf 89' lang='lat' dir='ltr'>buisset</span> <span class='ocrx_word' id='word_1_173' title='bbox 234 3132 338 3193; x_wconf 91' lang='lat' dir='ltr'>artem</span> <span class='ocrx_word' id='word_1_174' title='bbox 358 3123 399 3193; x_wconf 92' lang='lat' dir='ltr'>ad</span> <span class='ocrx_word' id='word_1_175' title='bbox 428 3124 556 3193; x_wconf 93' lang='lat' dir='ltr'>Paulini</span> <span class='ocrx_word' id='word_1_176' title='bbox 585 3131 733 3193; x_wconf 90' lang='lat' dir='ltr'>mentem</span> <span class='ocrx_word' id='word_1_177' title='bbox 751 3122 961 3207; x_wconf 91' lang='lat' dir='ltr'>movendam,</span> <span class='ocrx_word' id='word_1_178' title='bbox 987 3122 1150 3210; x_wconf 90' lang='lat' dir='ltr'>amicique</span> 
     </span>
     <span class='ocr_line' id='line_1_25' title="bbox 80 3239 1150 3324; baseline -0.003 -14"><span class='ocrx_word' id='word_1_179' title='bbox 80 3241 178 3310; x_wconf 84' lang='lat' dir='ltr'>verba</span> <span class='ocrx_word' id='word_1_180' title='bbox 206 3240 247 3307; x_wconf 84' lang='lat' dir='ltr'>ad</span> <span class='ocrx_word' id='word_1_181' title='bbox 278 3241 375 3310; x_wconf 85' lang='lat' dir='ltr'>verba</span> <span class='ocrx_word' id='word_1_182' title='bbox 405 3239 619 3324; x_wconf 89' lang='lat' dir='ltr'>reddidissct;</span> <span class='ocrx_word' id='word_1_183' title='bbox 648 3241 731 3310; x_wconf 90' lang='lat' dir='ltr'>nihil</span> <span class='ocrx_word' id='word_1_184' title='bbox 752 3260 828 3310; x_wconf 85' lang='lat' dir='ltr'>vero</span> <span class='ocrx_word' id='word_1_185' title='bbox 856 3260 1054 3323; x_wconf 89' lang='lat' dir='ltr'>commune,</span> <span class='ocrx_word' id='word_1_186' title='bbox 1083 3239 1150 3307; x_wconf 91' lang='lat' dir='ltr'>nisi</span> 
     </span>
     <span class='ocr_line' id='line_1_26' title="bbox 81 3355 1137 3446; baseline 0.001 -23"><span class='ocrx_word' id='word_1_187' title='bbox 81 3356 179 3424; x_wconf 91' lang='lat' dir='ltr'>inane</span> <span class='ocrx_word' id='word_1_188' title='bbox 199 3357 298 3425; x_wconf 91' lang='lat' dir='ltr'>unius</span> <span class='ocrx_word' id='word_1_189' title='bbox 314 3357 405 3424; x_wconf 92' lang='lat' dir='ltr'>urbis</span> <span class='ocrx_word' id='word_1_190' title='bbox 424 3378 546 3426; x_wconf 90' lang='lat' dir='ltr'>nornen</span> <span class='ocrx_word' id='word_1_191' title='bbox 568 3360 620 3442; x_wconf 86' lang='lat' dir='ltr'>(v.</span> <span class='ocrx_word' id='word_1_192' title='bbox 639 3360 681 3425; x_wconf 88' lang='lat'>88</span> <span class='ocrx_word' id='word_1_193' title='bbox 697 3357 791 3440; x_wconf 72' lang='lat' dir='ltr'>llus,</span> <span class='ocrx_word' id='word_1_194' title='bbox 813 3395 856 3406; x_wconf 97' lang='lat'><em>-</em></span> <span class='ocrx_word' id='word_1_195' title='bbox 883 3378 913 3426; x_wconf 86' lang='lat' dir='ltr'>v.</span> <span class='ocrx_word' id='word_1_196' title='bbox 935 3359 1000 3424; x_wconf 87' lang='lat'>232</span> <span class='ocrx_word' id='word_1_197' title='bbox 1021 3355 1137 3446; x_wconf 82' lang='lat' dir='ltr'>Paul.)</span> 
     </span>
     <span class='ocr_line' id='line_1_27' title="bbox 80 3468 1154 3541; baseline 0.001 -4"><span class='ocrx_word' id='word_1_198' title='bbox 80 3470 146 3538; x_wconf 92' lang='lat' dir='ltr'>duo</span> <span class='ocrx_word' id='word_1_199' title='bbox 176 3472 321 3540; x_wconf 87' lang='lat' dir='ltr'>carmina</span> <span class='ocrx_word' id='word_1_200' title='bbox 350 3471 437 3540; x_wconf 90' lang='lat' dir='ltr'>inter</span> <span class='ocrx_word' id='word_1_201' title='bbox 466 3493 502 3541; x_wconf 91' lang='lat' dir='ltr'>se</span> <span class='ocrx_word' id='word_1_202' title='bbox 520 3471 655 3540; x_wconf 88' lang='lat' dir='ltr'>habent.</span> <span class='ocrx_word' id='word_1_203' title='bbox 682 3471 829 3540; x_wconf 83' lang='lat' dir='ltr'>Tandem</span> <span class='ocrx_word' id='word_1_204' title='bbox 848 3472 992 3541; x_wconf 88' lang='lat' dir='ltr'>Schenkl</span> <span class='ocrx_word' id='word_1_205' title='bbox 1010 3468 1052 3539; x_wconf 87' lang='lat' dir='ltr'>de</span> <span class='ocrx_word' id='word_1_206' title='bbox 1074 3469 1154 3538; x_wconf 90' lang='lat' dir='ltr'>dua-</span> 
     </span>
     <span class='ocr_line' id='line_1_28' title="bbox 78 3586 1154 3675; baseline -0.002 -21"><span class='ocrx_word' id='word_1_207' title='bbox 78 3586 278 3668; x_wconf 89' lang='lat' dir='ltr'>buslitteris,</span> <span class='ocrx_word' id='word_1_208' title='bbox 291 3587 331 3654; x_wconf 90' lang='lat' dir='ltr'>ab</span> <span class='ocrx_word' id='word_1_209' title='bbox 341 3588 486 3656; x_wconf 77' lang='lat' dir='ltr'>Ausonio</span> <span class='ocrx_word' id='word_1_210' title='bbox 499 3587 609 3657; x_wconf 89' lang='lat' dir='ltr'>missis</span> <span class='ocrx_word' id='word_1_211' title='bbox 623 3587 664 3656; x_wconf 91' lang='lat' dir='ltr'>ad</span> <span class='ocrx_word' id='word_1_212' title='bbox 675 3589 862 3671; x_wconf 86' lang='lat' dir='ltr'>Paulinum,</span> <span class='ocrx_word' id='word_1_213' title='bbox 876 3608 943 3655; x_wconf 92' lang='lat' dir='ltr'>non</span> <span class='ocrx_word' id='word_1_214' title='bbox 956 3594 1068 3655; x_wconf 88' lang='lat' dir='ltr'>autem</span> <span class='ocrx_word' id='word_1_215' title='bbox 1079 3601 1154 3675; x_wconf 91' lang='lat' dir='ltr'>pos-</span> 
     </span>
     <span class='ocr_line' id='line_1_29' title="bbox 81 3702 1153 3794; baseline -0.002 -22"><span class='ocrx_word' id='word_1_216' title='bbox 81 3713 228 3772; x_wconf 87' lang='lat' dir='ltr'>terorum</span> <span class='ocrx_word' id='word_1_217' title='bbox 244 3705 411 3773; x_wconf 85' lang='lat' dir='ltr'>memoriae</span> <span class='ocrx_word' id='word_1_218' title='bbox 435 3703 591 3794; x_wconf 91' lang='lat' dir='ltr'>proditis,</span> <span class='ocrx_word' id='word_1_219' title='bbox 616 3704 753 3774; x_wconf 90' lang='lat' dir='ltr'>omnino</span> <span class='ocrx_word' id='word_1_220' title='bbox 777 3704 966 3792; x_wconf 85' lang='lat' dir='ltr'>gratuitam,</span> <span class='ocrx_word' id='word_1_221' title='bbox 984 3724 1060 3775; x_wconf 86' lang='lat' dir='ltr'>mea</span> <span class='ocrx_word' id='word_1_222' title='bbox 1079 3702 1153 3791; x_wconf 91' lang='lat' dir='ltr'>qui-</span> 
     </span>
     <span class='ocr_line' id='line_1_30' title="bbox 81 3820 704 3912; baseline 0.002 -23"><span class='ocrx_word' id='word_1_223' title='bbox 81 3820 158 3890; x_wconf 91' lang='lat' dir='ltr'>dem</span> <span class='ocrx_word' id='word_1_224' title='bbox 173 3822 348 3906; x_wconf 89' lang='lat' dir='ltr'>sententia,</span> <span class='ocrx_word' id='word_1_225' title='bbox 370 3822 448 3892; x_wconf 82' lang='lat' dir='ltr'>lacit</span> <span class='ocrx_word' id='word_1_226' title='bbox 462 3822 704 3912; x_wconf 86' lang='lat' dir='ltr'>conjecturam.</span> 
     </span>
    </p>
   </div>
   <div class='ocr_carea' id='block_1_3' title="bbox 0 0 1379 4926">
    <p class='ocr_par' dir='ltr' id='par_1_4' title="bbox 0 0 1379 4926">
     <span class='ocr_line' id='line_1_31' title="bbox 0 0 1379 4926; baseline 0 0"><span class='ocrx_word' id='word_1_227' title='bbox 0 0 1379 4926; x_wconf 95' lang='lat' dir='ltr'> </span> 
     </span>
    </p>
   </div>
  </div>
 </body>
</html>
