2730 4926
552 423 726 482 49..

108 577 261 644 Nostrum
276 575 359 642 nihil
379 575 469 642 aliud
485 575 549 644 nisi
562 577 732 643 hominem
748 575 847 644 rilem
870 585 905 644 et
923 576 1087 665 abjectum
1103 599 1176 669 pro-

107 691 340 760 fiteris.N0nne
353 691 518 759 Ausonius
535 691 737 781 principibus
751 690 892 759 blandiri
907 692 1079 781 potuisset,
1095 692 1178 781 quin

107 809 231 898 prolixa
254 807 438 897 idoneaque
460 808 569 888 verba,
603 829 674 896 quae
695 807 849 890 diximus,
876 807 1032 876 edidisset
1046 809 1175 886 lbein,

108 923 241 991 omissis
255 944 328 1011 qua
350 923 437 1012 apud
461 924 674 1012 imperatores
691 922 838 991 condidit
862 924 1075 1007 carminibus,
1094 932 1175 1014 quot

107 1047 286 1129 supersunt
305 1060 390 1127 que,
420 1039 518 1127 longe
547 1038 587 1106 ab
618 1039 703 1121 aula,
729 1039 924 1128 burdigalae,
947 1050 1003 1108 aut
1026 1042 1060 1109 in
1089 1040 1172 1108 villis

107 1154 253 1237 tradidit,
282 1156 445 1244 Epistola,
464 1155 658 1237 Parentalia,
682 1156 905 1224 Proiessorum
930 1159 1173 1225 Commemora-

106 1271 180 1339 tio!
218 1270 272 1338 illa
297 1272 424 1353 saltem,
452 1271 590 1338 minime
618 1271 813 1340 adulationis
845 1272 978 1340 stimulo
1005 1272 1171 1354 incitatus,

105 1386 253 1475 protulit.
271 1388 310 1453 ht
322 1407 397 1454 vero
415 1387 522 1474 quarti
542 1396 598 1454 aut
616 1387 723 1476 quinti
750 1388 858 1456 saeculi
875 1388 1087 1477 scriptoribus
1103 1409 1173 1456 om-

107 1503 188 1570 nino
212 1522 450 1591 supervacuum
490 1510 558 1569 erat
591 1503 797 1591 semetipsos,
832 1503 1046 1591 imperatores
1077 1524 1173 1572 causa

107 1617 383 1686 assentationibus
411 1598 644 1706 prosequendi,
679 1619 861 1686 christiana
902 1618 1072 1706 religionis
1104 1640 1173 1687 sec-

106 1715 227 1802 tatores
242 1742 406 1823 prastare.
435 1734 599 1823 Principes
623 1733 758 1821 quidem
779 1735 869 1821 leges
897 1734 1081 1816 edicebant‚
1100 1735 1172 1822 qui-

105 1849 169 1917 bus
189 1849 344 1917 falsorum
370 1851 548 1918 numinum
574 1850 680 1918 cultus
704 1850 937 1936 negligendus,
956 1849 1075 1916 Christi
1095 1850 1170 1918 verb

107 1965 264 2034 colendus
275 1973 377 2044 esset3
395 1967 443 2033 illi
453 1987 529 2035 vero
547 1986 664 2053 parum
680 1966 838 2034 curabant
853 1975 965 2033 utrum
981 1966 1040 2034 viri
1052 1965 1170 2034 litteris

107 2079 209 2148 dediti
227 2081 262 2148 in
286 2080 439 2170 operibus
465 2102 591 2170 pagana
615 2081 831 2150 christianam
853 2082 950 2149 verba
965 2082 1167 2170 proferrent3

106 2194 309 2282 quinetiam
336 2197 439 2283 gratia
458 2195 719 2285 muneribusque
744 2197 918 2265 acerrimos
946 2197 1069 2264 ethuici
1088 2197 1170 2264 ritus

88 2331 90 2336 ·
105 2308 307 2393 defensores
322 2332 442 2400 nempe
463 2311 517 2399 (ne
530 2312 640 2401 plures
659 2312 842 2403 nominem)
858 2313 1106 2400 Symmachum,
1120 2313 1172 2380 Li-

104 2425 627 2516 berium,Euriapem,ZozImum,
637 2428 809 2510 Rutilium,
825 2427 1169 2497 libenteraifioiebant.

149 2543 301 2610 Attamen
316 2543 409 2612 lateri
424 2565 491 2610 non
505 2543 693 2612 dubitamus
709 2545 892 2613 Ausonium
907 2543 1075 2631 Evangelii
1090 2564 1171 2633 prae-

104 2659 207 2748 ceptis
226 2680 342 2750 parum
367 2659 469 2728 luisse
498 2659 720 2729 obedientem.
745 2662 865 2730 Versus
884 2661 1023 2728 minime
1050 2660 1170 2728 Christi

103 2775 300 2862 religionem
324 2775 509 2844 redolentes
540 2776 704 2861 condidit;
721 2779 885 2866 permulta
913 2778 984 2866 ejus
1010 2777 1166 2855 carmina,

101 2892 284 2980 prasertim
305 2892 541 2979 epigrammata
561 2893 702 2981 plurima
738 2895 950 2983 famosusque
968 2895 1069 2960 Cento
1084 2914 1170 2982 nup-

103 3005 207 3088 tialis,
236 3006 414 3075 foedissima
438 3015 526 3090 sunt,
559 3016 657 3096 atque
678 3029 732 3077 ore
746 3008 860 3096 cynico
885 3008 931 3075 sic
952 3006 1038 3075 edita
1062 3006 1166 3087 luero,

104 3131 145 3190 ut
163 3144 248 3211 aegre
266 3144 460 3213 persuasum
480 3123 601 3192 habere
624 3124 788 3212 possimus
809 3122 965 3192 eumdem
984 3122 1168 3202 hominem,

104 3260 179 3328 qua
199 3240 372 3309 retulimus
387 3248 497 3308 sancta
517 3247 550 3307 et
571 3261 653 3328 pura
672 3241 782 3321 verba,
811 3240 869 3326 ign
893 3239 1117 3326 miniosasque
1139 3246 1172 3306 et

104 3355 311 3445 turpissimas
330 3356 408 3424 istas
428 3375 523 3424 voces
538 3355 636 3424 simul
653 3356 813 3423 emisisse.

151 3491 202 3558 Nil
218 3511 292 3559 vero
308 3490 430 3558 mirum
448 3512 456 3558 :
473 3490 637 3557 Ausonius
652 3490 708 3557 diu
724 3490 758 3557 in
777 3489 867 3575 regia
884 3489 958 3556 aula
974 3486 1166 3576 permansit,

104 3607 142 3674 iu
162 3625 237 3692 qua,
250 3613 287 3672 ut
301 3626 373 3674 mos
388 3613 449 3686 est,
464 3605 608 3694 pessima
623 3604 832 3692 grassabatur
846 3624 976 3671 morum
993 3601 1168 3690 corruptio.

103 3719 352 3789 Valentinianus
363 3723 432 3811 ipse
445 3721 634 3809 imperator,
653 3721 865 3788 christianam
890 3719 951 3787 etsi
973 3717 1169 3804 religionem

103 3835 280 3904 manifesto
300 3838 413 3918 coluit,
442 3858 508 3905 non
533 3843 656 3903 rectam
682 3845 794 3904 tamen
813 3836 1045 3923 integramque
1072 3832 1172 3900 vitam

106 3972 240 4043 semper
259 3953 339 4040 egit,
360 3973 447 4036 oum,
485 3982 501 4016 a
521 3952 676 4019 frivolum
700 3959 733 4020 et
765 3951 888 4019 nullius
913 3949 1009 4039 pretii
1035 3967 1175 4038 opuscu-

105 4070 179 4136 lum
210 4095 226 4129 »
255 4068 397 4150 finxerit,
430 4069 578 4156 fingique
610 4067 747 4156 jusserit
774 4069 797 4133 ¹.
831 4067 901 4134 Non
927 4065 1005 4133 linet
1031 4064 1177 4166 igiture
