2730 4926
615 420 790 487 ...57-

158 612 246 660 nam
260 589 287 658 si
305 587 441 659 Ausonii
453 607 565 657 versus
575 587 681 676 magis
697 585 807 656 oanori
820 594 850 656 et
867 586 1035 656 numerosi
1053 589 1231 674 habentur,

160 729 203 776 ao
220 709 333 790 rhetor
347 713 440 774 vetus
456 704 569 773 solerti
589 712 657 773 arte
666 704 859 792 ingeniique
875 702 1069 773 dexteritate
1088 705 1232 796 disoipu-

159 825 241 892 lum
257 831 401 912 superat,
438 828 561 909 quanto
594 819 806 889 excellentius
828 820 955 887 Paulini
976 824 1124 888 earmont
1148 821 1232 900 Quid

157 940 237 1007 ital
253 939 348 1020 Quia,
358 943 456 1027 prout
468 958 544 1005 mor
559 935 806 1026 explicabimus
820 936 976 1004 Paulinus
994 957 1033 1005 er
1047 937 1109 1005 alio
1125 938 1230 1019 fonte,

160 1054 322 1124 soilioete
337 1053 489 1144 nobiliori
505 1059 537 1120 et
549 1052 686 1135 fortiori,
698 1053 865 1141 poetioum
884 1052 1033 1120 ardorem
1046 1053 1229 1121 hauriebat.

211 1172 257 1239 Ne
275 1171 399 1240 omious
419 1169 655 1257 magisterque,
683 1169 739 1251 ait,
757 1189 868 1237 musas
892 1168 932 1236 ad
949 1171 1124 1238 Paulinum
1139 1191 1231 1238 revo-

159 1287 309 1355 candum
331 1286 401 1376 jam
427 1287 568 1355 invocet.
591 1285 738 1353 Flamine
762 1285 825 1353 alio
855 1286 1011 1354 innitetur
1031 1289 1228 1377 potentiori!

159 1411 314 1473 mentem
326 1404 506 1492 agatlleus
516 1404 677 1479 Christus!
692 1405 775 1471 Tum
782 1402 892 1472 divino
903 1404 958 1472 illo
969 1406 1063 1493 quasi
1073 1406 1230 1474 exoitatus

159 1520 296 1610 spiritu,
311 1526 408 1609 poeta
420 1519 544 1607 majora
556 1519 654 1601 oanit,
664 1519 818 1608 etplagas
829 1519 993 1588 illuminat
1004 1542 1085 1609 quas
1096 1523 1232 1591 Ausonii

158 1655 260 1704 musa
273 1635 403 1704 ethnioa
418 1655 484 1702 non
497 1633 595 1702 modo
616 1654 683 1701 non
696 1633 833 1719 viderat,
849 1633 907 1703 sed
927 1636 1038 1719 etiam,
1056 1644 1093 1705 ut
1111 1638 1157 1706 sio
1182 1639 1230 1706 lo·

159 1773 259 1840 quar,
274 1773 348 1820 -non
364 1751 602 1840 suspioebatur.
615 1751 775 1820 Audivisti
789 1752 955 1840 quomodo
970 1754 1099 1836 Noster,
1117 1754 1228 1823 fabula
1314 1821 1316 1830 Α

159 1869 233 1938 sola
247 1867 549 1951 inflatus,studium
560 1868 710 1936 amioitiae
727 1889 793 1937 suae
811 1877 972 1937 aeternum
982 1871 1025 1939 sit
1039 1871 1225 1960 professus;

158 1985 298 2054 auribus
313 2006 402 2053 nuno
417 1984 547 2074 peroipe
571 1985 745 2053 Paulinum
770 1986 980 2076 pollicentem
1000 2008 1035 2056 se
1054 2009 1226 2077 nunquam

156 2123 201 2171 ex
216 2101 283 2169 imo
297 2101 400 2189 ipsius
413 2108 544 2190 pectore
556 2101 705 2189 magistri
718 2103 846 2171 vultum
860 2124 931 2172 esse
942 2103 1227 2193 depositurumil-

153 2219 310 2306 lumque,
328 2237 416 2300 oum,
434 2219 560 2286 solutus
576 2219 733 2308 eorporali
746 2239 885 2303 camere,
904 2221 1225 2309 terraprovolaverit‚

154 2333 271 2402 animo
291 2354 424 2422 quoque
449 2338 638 2422 gesturum!
670 2336 760 2404 Mens
787 2337 918 2427 quippe,
947 2363 961 2400 a
994 2344 1031 2404 nt
1059 2337 1155 2419 mori,
1181 2337 1226 2405 sio

153 2448 317 2535 oblivisei,
335 2471 400 2520 non
419 2451 515 2540 oepit,
534 2472 570 2520 ao
583 2452 735 2543 perennis
751 2454 838 2522 vivet
857 2463 890 2522 et
909 2457 1052 2522 memor!
1073 2480 1088 2517 a

203 2566 322 2645 Quanti
335 2566 500 2635 intersunt
513 2566 577 2635 duo
597 2572 734 2655 general
757 2568 883 2647 Quanto
900 2569 1027 2638 Paulini
1044 2590 1148 2658 genus
1173 2591 1227 2638 en-

152 2683 278 2753 oelsins
294 2689 327 2750 et
344 2682 503 2750 nobilius!
523 2683 580 2752 Via
597 2703 679 2751 nova
694 2684 784 2773 poesi
803 2693 947 2774 paratur,
966 2693 997 2754 et
1013 2692 1221 2755 senesoentes

149 2799 314 2869 labuntur
329 2804 454 2868 veteres
471 2805 569 2887 atque
585 2799 737 2868 obsoletae
750 2807 863 2869 vatum
884 2800 1012 2870 fabulae.

382 3147 461 3204 x111.
483 3145 650 3204 Gratiarum
665 3146 744 3204 aetio
759 3160 812 3218 pro
827 3146 996 3205 consulatu.

201 3391 395 3488 Gratiarum⁴
415 3392 497 3459 aetio
518 3393 724 3462 Trevirorum
739 3394 908 3481 Augustae,
931 3395 1119 3464 consulatus
1137 3415 1223 3464 anno

150 3507 311 3577 adfinem
326 3515 496 3596 vergente,
515 3508 555 3576 ab
571 3509 714 3577 Ausonio
735 3506 822 3599 apud
842 3509 1032 3578 Gratianum
1045 3511 1156 3600 ipsum
1166 3514 1224 3581 ha·

148 3624 224 3694 bita
243 3632 304 3706 est,
320 3625 377 3712 qui
397 3624 438 3692 ad
458 3625 699 3695 solemnitatem
714 3625 848 3694 honoris
869 3626 1222 3712 oondendi‚benefioiis

149 3761 197 3809 ne
213 3740 343 3810 deesset
358 3742 516 3826 officium,
537 3763 613 3810 oum
642 3744 802 3812 interesse
831 3744 1021 3833 primordiis
1052 3744 1222 3834 dignitatis

149 3876 214 3948 per
227 3857 297 3926 looa
309 3857 555 3927 intervallorum
574 3880 640 3928 non
655 3860 860 3949 potuissene
876 3861 1010 3930 Thraoia
1026 3870 1220 3931 ooourrerat.

148 3973 316 4042 Ausonius
341 3973 375 4040 in
394 3974 448 4045 illa
465 3975 610 4045 oratione
625 3977 858 4066 imperatorem
874 3984 922 4045 tot
935 3978 1102 4066 tantisque
1117 3979 1222 4047 laudi-

145 4091 215 4160 bus
234 4090 345 4174 alfieit,
359 4098 481 4160 uteum
497 4091 538 4160 ad
548 4092 582 4160 id
590 4093 726 4161 humilis
740 4092 964 4182 deformisque
980 4095 1133 4183 obsequii
1146 4094 1220 4163 dea-
