2730 4926
602 419 779 487 ..89-

201 593 362 662 Ausonius
382 611 470 675 vero,
489 590 580 660 nulla
600 589 751 659 diviniori
769 597 881 658 mente
897 588 1065 674 excitatus,
1089 597 1220 661 natura·

149 712 223 779 lem
241 709 436 797 facilemque
455 708 556 777 animi
577 706 644 776 vim
658 713 691 774 et
704 706 895 775 facultatem
914 706 949 774 in
968 706 1110 791 futilem,
1125 710 1219 797 quasi

150 825 368 894 domesticam
379 833 413 894 et
424 823 558 893 omnino
571 822 775 912 temporibus
786 821 1078 907 accommodatam,
1091 826 1221 914 poesim

151 943 311 1011 exercuit.
333 939 517 1030 Saepissime
538 938 628 1008 enim
651 939 795 1008 carmina
814 936 892 1021 edit,
913 959 980 1006 non
995 946 1034 1006 ut
1052 940 1221 1028 cogitatio-

150 1077 215 1126 nes
230 1058 351 1126 mentis
380 1056 528 1146 explicet,
548 1054 605 1123 sed
626 1061 662 1123 ut
678 1075 733 1123 ore
765 1053 907 1122 rotundo
922 1056 1087 1142 loquatur,
1103 1057 1218 1126 circui-

150 1181 293 1262 tumque
313 1181 346 1243 et
366 1172 480 1242 orbem
500 1172 675 1241 verborum
697 1169 863 1253 conficiat;
885 1171 965 1259 quin
989 1172 1070 1255 imo,
1089 1173 1221 1262 sequid

80 1361 86 1367 ,
151 1289 242 1361 dicat
257 1278 313 1357 aut
328 1289 370 1357 sit
385 1287 532 1356 dicturus
546 1288 673 1356 nescire
685 1285 755 1376 ipse
772 1285 905 1369 latetur3
923 1293 1068 1354 attamen
1080 1287 1115 1354 in
1130 1308 1221 1356 sum-

149 1427 243 1473 mam
280 1405 509 1475 concinnitatis
544 1404 826 1473 consectationem
864 1402 1065 1490 inanemque
1101 1426 1220 1475 vocum

149 1522 391 1592 volubilitatem
419 1543 454 1591 se
480 1521 632 1605 effundit,
656 1541 692 1589 ac
725 1520 835 1611 lepide
862 1521 999 1591 dicenda
1032 1523 1131 1591 modo
1166 1545 1220 1593 er·

150 1639 287 1728 cogitat.
310 1637 403 1718 Quod
433 1639 516 1729 ipse,
544 1637 658 1719 Pontio
681 1638 817 1707 Paulino
841 1638 999 1722 scribens,
1021 1639 1217 1710 confirmat:

153 1756 310 1838 «Nescis,
336 1763 428 1844 puto,
460 1753 540 1844 quid
561 1754 659 1824 velim
687 1761 736 1822 tot
763 1755 912 1824 versibus
945 1755 1065 1825 dicere.
1091 1756 1221 1826 Medius,

149 1870 263 1954 fidius,
278 1891 387 1961 neque
405 1871 476 1961 ipse
491 1871 576 1939 hene
592 1869 742 1959 intelligo
757 1870 778 1938 ¹.
800 1898 812 1932 s

197 1988 280 2055 Cum
295 1985 397 2075 igitur
411 1985 619 2075 cogitationis
640 2006 752 2053 curam
767 1984 964 2075 negligeret,
984 1985 1122 2055 minime
1141 2007 1218 2078 poe·

153 2101 218 2171 tico
239 2102 353 2171 ardore
363 2102 503 2171 debebat
513 2103 642 2189 vigere3
658 2122 760 2190 quare
776 2102 827 2170 vel
842 2103 1008 2192 inquibus
1021 2104 1220 2173 carminibus

154 2219 307 2303 omnium
323 2218 574 2288 admirationem
583 2226 705 2302 movet,
718 2217 969 2307 haudmagnam
982 2220 1219 2289 sententiarum
1239 2267 1241 2272 -

151 2334 503 2420 nouitatem-exhibet.
526 2335 754 2403 Praestantiora
775 2335 866 2402 enim
898 2334 987 2403 illius
1007 2356 1116 2424 opera,
1143 2355 1219 2403 oum

152 2440 224 2530 ejus
241 2443 372 2530 generis
388 2441 465 2526 sint,
487 2463 552 2530 quo
567 2463 619 2510 res
636 2441 878 2524 describuntur,
896 2441 1022 2531 poesim
1039 2442 1133 2529 qnasi
1150 2462 1219 2510 cor-

150 2558 308 2647 poralem,
326 2567 364 2627 ut
379 2560 425 2627 ita
440 2558 559 2641 dicam,
577 2558 789 2647 patefaciunt,
811 2559 888 2647 quia
915 2566 1030 2648 poetae,
1052 2559 1106 2646 qui
1124 2564 1219 2626 natu-

151 2695 195 2742 rae
211 2676 394 2763 spectacula
410 2676 574 2764 exprimit,
596 2676 659 2744 alta
675 2675 777 2744 animi
792 2676 1005 2745 meditatione
1026 2675 1116 2744 haud
1136 2694 1218 2765 opus

151 2798 213 2859 est.
235 2792 360 2880 ltaque,
383 2813 459 2860 cum
478 2791 643 2861 Ausonius
671 2793 711 2860 ab
737 2793 806 2882 ipsa
827 2801 945 2861 natura
967 2794 1081 2862 oculos
1099 2791 1217 2861 deflec-

149 2906 202 2988 tit,
222 2907 351 2976 nullum
368 2927 386 2975 e
411 2914 523 2976 mente
544 2928 603 2976 sua
623 2915 759 2976 oestrum
776 2916 885 2998 potest
903 2910 1045 2991 trahere;
1065 2914 1145 2977 tunc
1160 2928 1218 2976 ne·

149 3042 240 3091 cesse
260 3029 361 3092 estut
389 3023 423 3090 in
451 3023 577 3092 ludicra
602 3024 745 3092 carmina
772 3031 805 3093 et
837 3024 977 3093 lusuum
1011 3024 1217 3114 poeticorum

149 3159 268 3229 nugas,
284 3162 355 3229 quae
371 3140 494 3209 nullius
513 3141 638 3230 ingenii
656 3148 745 3223 sunt,
764 3139 954 3210 descendat.

193 3259 359 3340 Ceterum,
391 3264 428 3327 ut
446 3279 521 3329 vera
549 3258 664 3342 fatear,
690 3258 806 3328 eadem
826 3266 930 3342 erant,
959 3258 1077 3327 saeculo
1097 3258 1216 3328 Christi

148 3383 275 3465 quarto,
303 3395 440 3464 poeseos
464 3376 553 3444 vitia.
588 3376 654 3443 Hac
675 3376 765 3445 enim
790 3382 895 3459 atate,
929 3375 1076 3465 poeticus
1107 3374 1213 3458 ardor,

143 3491 342 3579 jamdudum
370 3513 527 3582 pressus,
554 3493 596 3561 ad
626 3493 821 3562 litterarium
847 3492 1023 3581 ingenium
1047 3500 1145 3581 atque
1175 3491 1216 3561 ad

147 3608 312 3696 quoddam
349 3610 437 3678 inter
463 3609 616 3678 lectiores
644 3610 924 3697 humanioresque
958 3609 1043 3678 viros
1072 3609 1214 3679 oblecta-

149 3734 302 3794 mentum
329 3726 428 3796 modo
455 3735 524 3795 erat
549 3727 713 3796 redactus.
738 3730 778 3795 ln
798 3727 868 3817 ipsa
889 3726 1002 3810 Gallia,
1025 3747 1098 3815 quae
1113 3727 1214 3796 totius

154 3843 284 3933 imperii
316 3844 565 3914 humanissimis
592 3845 748 3915 affluebat
769 3844 949 3935 disciplinis
967 3844 1144 3936 provincia,
1162 3844 1215 3915 lit-

180 4086 203 4134 t.
222 4083 273 4150 up.
290 4084 368 4138 XIX.
