2730 4926
345 1236 348 1243 ’
381 1209 554 1289 CAPUT
581 1209 860 1300 QUARTUM.

368 1588 404 1634 DE
431 1588 548 1636 ausouu
583 1587 699 1636 GENERE
729 1588 862 1635 mosum.

132 1910 227 1991 Quod
246 1911 273 1982 si
293 1912 404 1981 omnia
419 1911 525 1982 Nostri
546 1911 700 1996 carmina,
718 1913 807 1980 hunc
828 1912 862 1979 in
878 1910 1016 1992 modum
1031 1909 1157 1979 subtili·

84 2035 143 2096 ter
170 2028 337 2119 explicata,
371 2049 437 2098 uno
468 2036 645 2119 conspectu
676 2026 858 2111 videamus,
884 2027 1066 2096 Ausonium
1086 2028 1158 2116 qui-

85 2143 169 2221 dem
184 2141 390 2230 jucunditate
411 2142 542 2212 dicendi
560 2151 592 2212 et
606 2163 824 2212 numerorum
840 2144 998 2211 suavitate
1013 2133 1154 2231 quadam

84 2259 236 2329 notuisse
252 2267 389 2329 constat.
421 2261 553 2349 Ingenii
572 2260 662 2328 enim
690 2260 855 2342 acumine,
876 2260 1009 2329 incitata
1035 2261 1154 2328 mentis

86 2377 310 2461 vehementia,
343 2377 562 2447 concinnitate
595 2377 685 2447 suavi
713 2375 897 2465 nitidaque,
925 2384 958 2444 et
985 2383 1156 2446 venustate

86 2511 257 2575 versuum,
293 2491 427 2561 tandem
461 2493 637 2561 hominum
667 2491 785 2560 litteris
825 2490 1058 2560 excellentium
1088 2511 1156 2559 me-

84 2608 258 2690 ditatione,
274 2610 413 2698 posteris
432 2608 541 2678 haudo
557 2607 657 2676 dubie
678 2606 943 2676 commendatur.
975 2607 1051 2687 Quae
1080 2627 1156 2677 vero

84 2724 181 2792 dotes
210 2725 411 2812 gravissimis
438 2725 524 2796 vitiis
568 2723 806 2808 deformantur,
840 2745 876 2793 ac
904 2723 1081 2814 prohibent
1114 2744 1156 2790 ne

81 2861 167 2930 quas
179 2841 327 2930 plerique
341 2842 485 2910 Ausonio
505 2840 694 2909 tribuerunt
714 2840 933 2932 amplissimas
953 2839 1080 2922 laudes,
1108 2859 1153 2906 eae

83 2957 222 3027 omnino
237 2958 332 3027 nohis
350 2958 619 3049 probandasint.

135 3073 204 3153 Quo
222 3074 331 3145 verius
351 3074 391 3144 do
410 3077 470 3144 hac
492 3074 629 3143 materia
651 3075 797 3145 feramus
813 3074 991 3164 judicium,
1025 3093 1062 3141 ac
1087 3094 1157 3143 me-

83 3191 153 3260 lius
183 3190 283 3280 quod,
317 3190 388 3280 ejus
424 3191 578 3283 operibus
609 3199 774 3274 vacantes,
811 3190 882 3280 jam
915 3189 1154 3268 inchoavimus,

85 3305 264 3375 consilium
279 3306 500 3397 perficiamus,
513 3308 673 3376 nonnulla
689 3306 729 3375 de
749 3307 929 3376 husoniani
942 3306 1008 3377 stili
1025 3304 1156 3375 dotibus

84 3431 124 3492 et
139 3421 223 3492 vitiis
239 3423 344 3493 iacere
364 3425 461 3494 verba
480 3432 626 3494 nostram
646 3425 681 3492 in
704 3433 852 3494 mentem
871 3424 973 3496 venit.

338 3712 351 3770 1
366 3714 455 3772 notos
466 3714 627 3773 Antoniani
640 3715 758 3786 ceneris
775 3715 903 3775 dicendi.

136 3918 301 3987 Ausonius
337 3920 432 3988 nohis
455 3897 496 3988 ob
514 3920 705 3989 facultatem
724 3921 887 4011 poeticam
917 3919 1153 3990 existimandus

82 4031 236 4126 primum
265 4031 405 4118 videtur,
437 4056 514 4125 qua,
539 4035 642 4106 facilis
670 4043 704 4104 ot
732 4035 902 4128 expeditus
929 4034 970 4104 ad
998 4033 1152 4124 fingenda
