2730 4926
590 431 767 491 ..91-

143 596 240 688 quasi
259 615 363 666 novus
382 594 517 683 sanguis
533 594 569 663 in
589 601 734 664 veterem
754 593 918 663 mundum
932 602 1020 663 esset
1032 593 1212 661 infunden-

144 714 220 782 dus.
233 717 316 796 lmo,
330 711 418 780 dicas
432 711 615 780 Ausonium
632 712 785 779 hancnon
804 709 979 800 suspicari:
999 708 1213 798 nequeenim

143 829 269 918 insigni
284 836 465 917 martyrum
481 828 792 916 constantiamque
811 827 1033 917 apostolorum
1041 811 1163 894 Christi
1176 845 1213 893 ac

144 946 317 1014 doctorum
341 945 523 1035 preceptis,
546 964 655 1033 neque
679 944 773 1012 cleris
794 942 834 1010 de
861 943 1069 1033 philosophia
1085 951 1213 1013 contro-

144 1061 260 1130 versiis
273 1069 435 1130 movetur.
454 1058 547 1139 Quod
572 1060 600 1127 si
626 1079 700 1128 vere
717 1058 937 1127 Christianam
959 1059 1061 1127 fidem
1077 1066 1127 1127 est
1139 1080 1213 1147 pro-

143 1179 266 1261 fessus,
288 1178 339 1246 vix
363 1177 524 1266 exipsius
548 1176 702 1266 operibus
723 1177 826 1244 semel
853 1175 1067 1264 investiganti
1082 1174 1214 1244 decerni

143 1301 264 1390 potest.
285 1294 451 1374 Attamen,
469 1312 568 1378 quam
580 1291 713 1359 inflatus
731 1301 829 1376 esset,
843 1314 944 1383 quam
958 1293 1104 1361 illustres
1118 1313 1213 1361 voces

143 1410 373 1502 prompsisset,
396 1408 436 1491 si,
454 1407 575 1476 relictis
590 1407 667 1476 love
695 1428 731 1476 ac
744 1411 882 1493 Venere,
908 1408 1076 1476 Christum
1092 1408 1215 1496 magis-

145 1535 238 1595 trum
257 1545 332 1595 vere
355 1532 388 1593 et
406 1523 547 1592 fideliter
568 1524 686 1594 luisset
707 1529 864 1595 secutus!
895 1525 988 1605 Quod
1010 1525 1215 1594 confirmavi·

145 1663 237 1725 mus,
255 1663 332 1712 cum
347 1640 388 1710 de
402 1642 560 1712 litterario
579 1642 716 1711 Ausonii
731 1662 807 1710 cum
837 1644 873 1710 P.
905 1643 947 1711 M.
964 1643 1100 1712 Paulino
1119 1642 1216 1710 disci-

145 1761 226 1852 pulo
247 1759 425 1828 certamine
441 1758 671 1828 disseruimus
694 1760 765 1842 llic,
783 1761 844 1829 etsi
862 1761 989 1850 poetico
1004 1759 1140 1848 quidem
1156 1780 1218 1829 ms·

146 1886 200 1946 tro
215 1876 335 1944 minori
345 1875 514 1966 praditus,
532 1883 643 1945 tamen
658 1877 816 1965 magistro
833 1878 992 1969 superior.
1009 1877 1109 1956 Quid?
1123 1876 1216 1956 Quod

148 1992 271 2063 Christi
287 1993 416 2080 religio,
436 2014 509 2082 quae
525 1993 593 2075 alit,
615 1992 775 2074 incendit,
793 1994 898 2078 effert,
920 1994 987 2063 vim
1014 1995 1141 2084 scriptis
1161 1994 1217 2063 ad-

142 2111 284 2200 jecerat.
308 2112 404 2192 Item,
431 2130 507 2177 mor
534 2107 747 2190 Prudentius
769 2117 802 2177 ct
824 2109 987 2199 posterius
1004 2109 1156 2178 Sidonius
1180 2130 1217 2178 ac

147 2229 350 2295 Fortunatus
371 2225 555 2306 materiam,
569 2226 713 2293 Ausonio
729 2226 891 2313 ignotam,
911 2225 945 2292 in
964 2226 1020 2294 illa
1039 2227 1215 2315 'reperient

198 2340 291 2421 Quod
316 2341 490 2423 sinonem,
507 2362 607 2430 quam
623 2341 894 2410 christianismus
914 2343 1113 2424 muniverat,
1131 2342 1218 2412 viam

148 2450 254 2528 nollet
275 2458 325 2528 vel
352 2458 505 2546 nequiret
533 2477 714 2548 capessere,
735 2464 848 2526 tamen
863 2459 961 2548 paulo
980 2459 1105 2548 majora
1118 2480 1219 2549 quam

147 2596 223 2665 quae
243 2576 362 2644 cecinit
380 2573 533 2643 meditari
546 2583 684 2665 poterat.
698 2575 829 2664 Imperii
843 2575 983 2658 romani,
1004 2573 1092 2664 quod
1103 2574 1219 2643 barba·

148 2692 196 2760 ris
210 2691 356 2781 undique
376 2691 604 2782 prementibus
623 2713 699 2760 mox
712 2691 913 2761 diruendum
924 2698 1004 2774 erat,
1022 2699 1079 2761 aut
1093 2690 1220 2780 antiqui

152 2810 291 2878 deorum
312 2810 431 2891 cultus,
454 2830 556 2897 quem
575 2809 677 2879 altera
701 2811 817 2897 religio
846 2810 980 2900 penitus
1010 2807 1217 2888 deturbabat,

148 2925 373 3014 spectaculum
386 2945 464 2993 sane
480 2924 514 2993 id
529 2932 610 3009 erat,
628 2925 717 3014 quod
736 2932 869 3016 poetam
883 2924 924 2994 ad
939 2924 1096 3007 carmina,
1115 2923 1219 2992 subli-

149 3042 265 3110 mitate
280 3043 562 3124 sententiarumac
576 3043 687 3133 lepore
694 3063 911 3111 numerorum
923 3040 1126 3131 prestantia,
1143 3059 1219 3107 con·

151 3157 260 3250 denda
285 3159 407 3226 valeret
430 3159 611 3248 impellere.
636 3159 729 3241 Inde,
753 3180 820 3227 non
844 3159 951 3226 multo
969 3165 1056 3247 post,
1078 3156 1219 3225 Rutilius

152 3275 367 3344 Numatianus
399 3295 559 3344 sensuum
579 3276 778 3345 nobiliorum
806 3274 1028 3365 splendorem,
1049 3276 1085 3343 in
1105 3275 1220 3344 multis

155 3389 316 3460 ltinerarii
330 3391 423 3472 locis,
444 3392 563 3480 quibus
580 3391 721 3459 maxime
736 3391 946 3480 prosequitur
961 3392 1072 3459 Romae
1091 3388 1218 3472 laudes,

154 3506 328 3575 obtinebit.
342 3507 507 3576 Ausonius
524 3528 612 3590 vero,
640 3516 678 3576 ut
701 3528 814 3576 rerum
834 3506 1104 3589 commutatione,
1119 3527 1221 3595 quam

154 3623 424 3692 christianismus
440 3624 574 3692 molitus
591 3632 653 3708 est,
679 3623 768 3692 haud
794 3630 1016 3712 permovetur,
1040 3623 1087 3692 sic
1110 3624 1220 3720 Roma

153 3739 311 3828 illiusque
325 3739 456 3830 imperii
472 3739 632 3809 eversioni
648 3741 783 3808 omniuo
794 3740 979 3809 incuriosus
994 3739 1097 3808 adest.
1112 3739 1221 3806 Abar-

154 3856 241 3925 baris
263 3856 371 3925 Galliae
387 3857 590 3926 minantibus
610 3865 843 3940 nonterretur3
874 3859 996 3947 quibus
1022 3857 1113 3926 enim
1132 3857 1221 3924 Rbe-

156 3996 221 4044 nus
231 3974 266 4042 in
285 3983 483 4066 perpetuum
498 3975 661 4045 obstabit:
