2730 4926
498 376 700 439 -125-

208 547 251 601 ll.
266 541 451 614 Eclogarium
495 580 1038 602 ...........
1097 542 1131 595 47

207 636 250 690 42.
265 632 401 706 Epistolae
442 670 1038 691 ............
1096 630 1132 685 47

294 722 467 794 Adpatrom
482 721 617 777 etlilium
659 760 1038 777 ........
1097 720 1132 773 47

296 810 338 867 Ad
352 811 500 867 Thoonem
504 849 1039 867 ...........
1098 809 1131 864 48

296 901 341 957 Ad
353 900 476 956 Paulum
490 899 594 956 Axium
603 937 1039 956 .........
1100 900 1133 952 50

294 991 339 1046 Ad
352 989 489 1046 Pontium
501 989 656 1046 Paulinum
661 1026 1039 1046 ........
1100 989 1135 1042 53

297 1078 409 1137 Paulini
425 1079 462 1136 ad
477 1078 637 1136 Ausonium
652 1077 780 1150 epistolae
823 1117 1042 1133 .....
1100 1079 1133 1132 56

210 1172 252 1226 49.
271 1169 435 1227 Gratiarum
450 1169 525 1225 actio
540 1184 592 1241 pro
605 1167 758 1224 consulatu
772 1206 1041 1225 ......
1101 1169 1133 1220 67

210 1260 252 1314 44.
265 1258 413 1315 Perioohae
428 1258 460 1314 in
472 1257 589 1314 Homeri
603 1255 724 1312 Iliadem
740 1257 770 1311 et
784 1253 941 1327 Odysseam
979 1297 987 1311 .
1032 1298 1040 1313 .
1100 1255 1134 1309 59

66 1351 155 1406 Cruor
170 1348 215 1405 ll.
264 1345 436 1405 DeAusonii
454 1345 689 1420 generedicendi
710 1386 1040 1403 .......
1100 1347 1131 1399 64

298 1439 385 1493 Doles
391 1473 1041 1495 .............
1101 1435 1132 1487 64

301 1525 375 1581 Vitia
395 1562 1040 1584 .............
1100 1520 1134 1575 69

104 1647 139 1656 -
184 1616 216 1672 v,
274 1617 313 1670 lle
328 1614 448 1671 Ausonii
462 1630 493 1670 re
513 1613 636 1670 metrica
655 1648 1040 1670 ........
1100 1611 1136 1665 74

101 1737 135 1746 -
174 1705 217 1760 Vl.
274 1707 318 1760 Au
332 1703 475 1760 Ausonius
489 1704 617 1776 aquales
629 1701 809 1774 superaverit
821 1739 1043 1758 .....
1103 1700 1139 1754 84

102 1824 137 1835 -
157 1794 214 1849 vll.
272 1794 328 1850 Cur
342 1793 471 1850 Ausonio
487 1796 581 1866 poetae
595 1807 703 1848 nomen
722 1789 1045 1862 sitdenegandum..
1103 1789 1137 1843 88

300 1881 450 1939 Conclusio
499 1916 1043 1938 ...........
1103 1877 1136 1931 93

513 2115 690 2171 ADDENDA.

104 2306 140 2318 -
192 2275 215 2332 1.
270 2276 312 2332 De
325 2274 442 2331 Ausonii
457 2274 516 2330 diei
526 2274 631 2331 natalis
646 2291 679 2330 ao
693 2273 795 2330 mortis
809 2289 886 2329 anno
930 2314 937 2329 .
979 2314 987 2331 .
1033 2314 1040 2328 .
1102 2275 1136 2330 97

104 2395 139 2407 -
180 2366 217 2421 ll.
273 2366 313 2421 lle
328 2363 446 2421 Ausonii
465 2364 623 2421 christiana
636 2362 776 2437 religione
817 2403 1040 2423 .....
1101 2364 1135 2417 97

320 2462 415 2519 Lettre
428 2461 465 2517 de
480 2462 515 2518 ll.
531 2462 565 2517 R.
585 2461 769 2530 Dezeimeris,
785 2460 825 2516 du
841 2463 875 2516 25
893 2458 1048 2516 decembre

321 2554 398 2623 4884,
415 2569 465 2608 sur
479 2552 507 2607 le
521 2551 735 2607 christianismo
752 2549 897 2606 d’Ausone
928 2591 936 2606 .
981 2588 990 2606 .
1035 2589 1044 2606 .
1089 2550 1135 2604 404

106 2671 142 2683 -
172 2641 220 2697 lll.
277 2643 320 2697 ln
335 2640 454 2697 Ausonii
472 2639 607 2713 quaedam
623 2654 713 2712 opera
726 2637 764 2696 ab
778 2637 829 2695 illo
849 2653 915 2694 vere
930 2636 1047 2693 condita

320 2729 379 2786 sint
395 2767 1046 2788 .............
1090 2727 1140 2782 404

215 2863 221 2875 .
277 2819 311 2876 In
325 2836 382 2892 quo
402 2819 506 2876 ordino
530 2818 691 2876 novissimae
707 2819 827 2876 Ausonii
841 2818 879 2875 ad
897 2819 1051 2876 Paulinum

302 2908 405 2965 litterae
420 2909 562 2981 poueudae
576 2910 634 2965 sint
668 2947 1047 2967 ........
1092 2908 1140 2965 409

211 3040 218 3054 .
278 2996 420 3062 Quadam
433 2997 471 3053 ad
489 2996 682 3069 philologiam
697 2994 885 3068 pertinentia.
931 3038 938 3053 .
985 3037 993 3053 .
1036 3033 1045 3051 .
1089 2997 1141 3051 442

532 3211 680 3269 INDICES.

213 3415 219 3429 .
276 3372 366 3428 ludex
376 3372 609 3429 Ausonianorum
623 3388 760 3446 operum,
776 3371 952 3429 conservatis
968 3375 1050 3429 nota·

318 3461 414 3532 lisque
426 3461 609 3534 temporibus
622 3462 726 3534 quihus
739 3461 858 3518 condita
872 3461 993 3519 fuerint.
1039 3505 1046 3520 .
1090 3465 1141 3517 ll7

214 3593 220 3607 .
278 3550 1054 3624 ludexaliquolsoriptorum‚tun1latinorumtumgal-

319 3639 508 3712 licorum‚qui
517 3640 677 3697 Ausonium
687 3639 1048 3714 imitandoexpresserunt.
1067 3652 1069 3658 ’
1091 3641 1139 3694 449

277 3729 365 3785 ludex
383 3730 619 3787 Ausonianarum
633 3730 807 3799 editionum,
826 3734 913 3802 atque
929 3746 1053 3802 opuscu-

319 3819 414 3874 lorum
424 3820 544 3892 aliquot,
553 3837 617 3892 quae
628 3820 662 3876 de
672 3820 767 3877 Nostri
776 3820 890 3893 scriptis
900 3819 1052 3877 novissime

319 3908 436 3966 condita
448 3910 567 3966 luerunt
615 3950 1049 3969 ..........
1094 3909 1144 3963 422

353 4107 365 4135 Ι
379 4107 435 4136 'Hm
447 4107 467 4136 Δ.
481 4105 561 4148 nun,
574 4105 705 4136 cumi-1011!
714 4105 739 4135 AB
748 4104 860 4138 ΙΙΟΠΔΜΙ.
