2730 4926
597 344 772 412 ..49-

145 532 262 603 neque
276 511 471 582 reddentem
481 512 753 603 illis-pauperem
766 514 1103 603 usque,etpergulam
1122 533 1219 583 arun-

147 630 286 699 dinibus
315 637 436 698 tectam
458 631 617 718 fumoque
632 631 861 720 lacrymosam,
886 629 980 719 cujus
993 639 1060 698 tota
1075 611 1221 722 supellec

143 748 272 839 jacula,
290 746 400 815 funda
416 755 449 815 et
457 746 560 831 hami,
577 747 789 829 incolentem,
809 744 971 836 depingit.
988 747 1101 836 Neque
1113 745 1220 834 magis

148 864 278 954 ingenii
292 864 445 933 acumine
456 866 543 933 Theo
557 863 746 954 praeluxisse
759 861 901 947 videtur,
917 870 985 932 ute
1000 861 1218 952 sequentibus

147 981 241 1052 baud
261 980 437 1050 difficulter
450 980 629 1071 apparebit.

195 1098 359 1167 Ausonius
376 1105 485 1166 tamen
501 1118 577 1166 cum
591 1098 647 1166 illo
663 1096 745 1165 adeo
770 1104 857 1166 arcta
873 1095 1024 1166 amicitie
1045 1105 1220 1167 consuetu-

149 1217 230 1286 dine
244 1215 517 1306 conjungebatur,
536 1223 572 1283 ut
591 1215 620 1283 ei
636 1215 714 1285 vitio
736 1215 827 1284 haud
849 1216 953 1285 semel
968 1222 1108 1284 verteret
1132 1214 1221 1305 quod

153 1333 293 1402 domum
319 1332 424 1422 ipsius
451 1331 619 1418 fugitaret,
653 1338 686 1400 et
704 1331 900 1420 nonaginta,
918 1331 1022 1399 amico
1049 1331 1217 1415 derelicto,

149 1452 223 1521 dies
236 1449 506 1540 consumpsisset,
522 1471 558 1517 ac
574 1471 655 1538 quos
673 1450 720 1518 illi
732 1459 866 1520 mutuos
881 1449 1014 1518 dederat
1027 1449 1078 1518 bis
1092 1459 1219 1542 septem

147 1569 315 1661 philippos
328 1568 466 1660 perdere
481 1567 686 1656 totidemque
701 1568 781 1636 alios
801 1567 878 1636 dare
904 1568 1017 1636 mallet
1034 1588 1134 1655 quam
1149 1568 1219 1636 lon·

149 1688 228 1776 gius
243 1685 457 1754 dilectissimo
480 1705 602 1753 carere.
626 1685 690 1752 Nec
714 1691 826 1752 autem
845 1683 947 1752 miror
967 1685 1136 1752 Thoonem
1155 1686 1219 1753 bu-

149 1801 238 1870 sonii
262 1800 515 1889 efflagitationes
543 1799 633 1890 parvi
657 1799 801 1882 duxisse,
833 1801 860 1867 sl
890 1801 1004 1868 Noster
1033 1799 1149 1869 eadem
1171 1800 1221 1889 jo-

149 1936 228 1985 cosa
243 1915 345 2000 domi,
363 1937 435 2005 que
450 1917 486 1983 in
502 1915 662 2005 epistoliS,
683 1915 718 1982 in
736 1936 813 1984 eum
841 1915 925 1983 dicta
950 1916 1100 2004 jactaret.
1118 1918 1219 1985 Theo·

149 2054 232 2102 nem
253 2032 342 2101 enim
371 2034 497 2101 insulse
526 2034 571 2099 ita
596 2032 715 2122 sepius
749 2031 874 2115 irridet,
904 2041 941 2100 ut
971 2035 1114 2103 amicum
1143 2055 1217 2104 oum

151 2149 259 2218 amico
277 2151 367 2218 hunc
383 2150 418 2216 in
433 2149 571 2217 modum
587 2149 695 2237 egisse
711 2150 763 2218 vix
778 2150 903 2218 credas.

198 2267 280 2334 Nam
297 2274 523 2357 paupertatem
543 2265 686 2355 vitiaque
704 2266 811 2356 turpia
822 2267 870 2336 illi
881 2267 1114 2337 immisericors
1126 2276 1214 2358 post·

151 2405 254 2472 quam
267 2385 482 2474 exprobravit,
496 2385 585 2452 hunc
602 2411 617 2446 o
636 2384 797 2472 plebeiam
811 2386 946 2474 pulpam
962 2412 977 2446 o
996 2394 1052 2453 aut
1071 2386 1216 2455 similem

151 2499 275 2572 Adonis
284 2509 433 2584 vocat,et
441 2521 512 2589 quae
521 2499 820 2587 ignobilia,scilicet
829 2501 914 2569 mala
923 2521 1032 2586 aurea,
1043 2511 1215 2592 ostreaque

151 2625 185 2685 et
212 2617 392 2700 musculos,
410 2618 497 2684 Theo
523 2614 697 2704 adipsum
723 2617 858 2685 miserat
885 2639 1035 2702 munera,
1054 2619 1217 2709 superbus

150 2735 346 2802 contemnit.
366 2735 404 2802 ln
419 2733 585 2824 poeticum
600 2753 675 2801 vero
690 2732 777 2802 illius
785 2735 959 2821 ingenium
970 2736 1112 2804 manime
1130 2735 1219 2825 joca·

152 2858 206 2918 tur
229 2851 424 2919 :Thoonem
436 2847 525 2937 quod
538 2849 735 2916 Clementini
755 2869 868 2918 versus
889 2849 1061 2939 cujusdam
1081 2860 1220 2940 usurpat

152 2986 409 3049 accusans,eum
419 2965 704 3054 proptercarmina
714 2964 782 3034 risu
794 2967 942 3034 omnium
951 2965 1116 3055 proscindi
1126 2965 1216 3035 dicit.

151 3083 234 3165 lmo,
250 3081 421 3150 scribentis
438 3081 608 3170 epistolam
624 3080 882 3170 deprehendere,
900 3083 962 3151 nisi
986 3083 1048 3172 ipsi
1069 3082 1154 3150 adsit
1167 3083 1219 3151 in·

151 3208 289 3289 terpres,
303 3199 390 3266 Theo
401 3218 467 3265 non
478 3197 607 3286 poterit,
624 3198 701 3285 quia
713 3226 730 3260 «
743 3199 807 3267 alto
820 3219 914 3267 mens
930 3198 1029 3269 obesa
1048 3197 1214 3280 viscere»,

152 3322 187 3382 et
204 3343 221 3378 «
235 3322 330 3404 poeta
348 3315 461 3397 falsus,
479 3312 642 3380 bonorum
657 3311 742 3379 mala
761 3314 945 3382 carminum
965 3315 1111 3383 taberna.
1131 3341 1147 3375 υ

197 3429 276 3500 lnde
291 3429 473 3500 Ausonium
488 3451 555 3497 non
571 3427 686 3497 eadem
707 3449 782 3497 cum
805 3431 917 3499 amicis
936 3430 1058 3522 pietate
1079 3439 1112 3500 et
1126 3451 1217 3501 reve-

153 3547 270 3626 rentia,
282 3568 428 3636 quacum
437 3544 639 3636 parentibus,
653 3564 784 3634 semper
798 3567 898 3614 usum
924 3546 1026 3616 fuisse
1040 3546 1216 3615 manifesto

154 3671 302 3754 apparet;
324 3664 405 3752 quin
435 3662 546 3744 etiam,
568 3660 616 3729 illi
646 3662 818 3731 hominem
837 3662 900 3753 ipsi
926 3663 1121 3731 familiarem
1151 3669 1218 3728 tam

154 3780 274 3848 amaris
290 3779 444 3850 efficienti
457 3777 650 3867 opprobriis
661 3799 697 3846 ac
713 3799 811 3868 supra
826 3780 923 3848 illum
932 3787 1064 3870 propter
1078 3777 1220 3866 majores

152 3895 295 3980 divitias,
315 3897 366 3966 vel
380 3898 534 3976 honoros,
552 3893 603 3963 vel
617 3895 877 3984 praestantiorem
892 3896 1018 3985 ingenii
1032 3895 1220 3965 facultatem

153 4019 223 4079 tam
239 4011 412 4101 magnifice
423 4008 595 4092 exultanti,
613 4009 742 4079 veniam
755 4009 831 4081 dare
847 4012 900 4081 vix
913 4032 1104 4102 possumus.

1063 4129 1081 4183 4
