<?xml version="1.0" encoding="UTF-8"?>
<!DOCTYPE html PUBLIC "-//W3C//DTD XHTML 1.0 Transitional//EN"
    "http://www.w3.org/TR/xhtml1/DTD/xhtml1-transitional.dtd">
<html xmlns="http://www.w3.org/1999/xhtml" xml:lang="en" lang="en">
 <head>
  <title>
</title>
<meta http-equiv="Content-Type" content="text/html;charset=utf-8" />
  <meta name='ocr-system' content='tesseract 3.04.00' />
  <meta name='ocr-capabilities' content='ocr_page ocr_carea ocr_par ocr_line ocrx_word'/>
</head>
<body>
  <div class='ocr_page' id='page_1' title='image "./dedmausoniioper00evergoog_0086.png"; bbox 0 0 2730 4926; ppageno 0'>
   <div class='ocr_carea' id='block_1_1' title="bbox 611 371 788 438">
    <p class='ocr_par' dir='ltr' id='par_1_1' title="bbox 611 371 788 438">
     <span class='ocr_line' id='line_1_1' title="bbox 611 371 788 438; baseline 0 -17"><span class='ocrx_word' id='word_1_1' title='bbox 611 371 788 438; x_wconf 79' lang='grc'>..69-</span> 
     </span>
    </p>
   </div>
   <div class='ocr_carea' id='block_1_2' title="bbox 153 539 1233 1328">
    <p class='ocr_par' dir='ltr' id='par_1_2' title="bbox 159 539 1232 746">
     <span class='ocr_line' id='line_1_2' title="bbox 161 539 1232 632; baseline 0.004 -24"><span class='ocrx_word' id='word_1_2' title='bbox 161 539 247 608; x_wconf 91' lang='lat' dir='ltr'>dum</span> <span class='ocrx_word' id='word_1_3' title='bbox 262 559 357 629; x_wconf 90' lang='lat' dir='ltr'>opus,</span> <span class='ocrx_word' id='word_1_4' title='bbox 371 558 508 608; x_wconf 89' lang='lat' dir='ltr'>necesse</span> <span class='ocrx_word' id='word_1_5' title='bbox 524 547 593 607; x_wconf 88' lang='lat' dir='ltr'>erat</span> <span class='ocrx_word' id='word_1_6' title='bbox 611 546 649 607; x_wconf 93' lang='lat' dir='ltr'>ut</span> <span class='ocrx_word' id='word_1_7' title='bbox 663 546 759 629; x_wconf 87' lang='lat' dir='ltr'>poeta</span> <span class='ocrx_word' id='word_1_8' title='bbox 775 540 811 607; x_wconf 91' lang='lat' dir='ltr'>P.</span> <span class='ocrx_word' id='word_1_9' title='bbox 823 541 964 610; x_wconf 88' lang='lat' dir='ltr'>Maronis</span> <span class='ocrx_word' id='word_1_10' title='bbox 993 541 1147 632; x_wconf 87' lang='lat' dir='ltr'>operibus</span> <span class='ocrx_word' id='word_1_11' title='bbox 1162 563 1232 612; x_wconf 93' lang='lat' dir='ltr'>om-</span> 
     </span>
     <span class='ocr_line' id='line_1_3' title="bbox 159 654 666 746; baseline 0 -22"><span class='ocrx_word' id='word_1_12' title='bbox 159 657 243 726; x_wconf 91' lang='lat' dir='ltr'>nino</span> <span class='ocrx_word' id='word_1_13' title='bbox 256 676 292 724; x_wconf 92' lang='lat' dir='ltr'>ac</span> <span class='ocrx_word' id='word_1_14' title='bbox 306 655 439 746; x_wconf 90' lang='lat' dir='ltr'>penitus</span> <span class='ocrx_word' id='word_1_15' title='bbox 450 654 666 724; x_wconf 75' lang='lat' dir='ltr'><strong>imbueretur.</strong></span> 
     </span>
    </p>

    <p class='ocr_par' dir='ltr' id='par_1_3' title="bbox 153 771 1233 1328">
     <span class='ocr_line' id='line_1_4' title="bbox 208 771 1230 860; baseline 0.004 -19"><span class='ocrx_word' id='word_1_16' title='bbox 208 772 290 841; x_wconf 91' lang='lat' dir='ltr'>Inde</span> <span class='ocrx_word' id='word_1_17' title='bbox 308 773 344 840; x_wconf 85' lang='lat' dir='ltr'>iit</span> <span class='ocrx_word' id='word_1_18' title='bbox 364 771 467 860; x_wconf 85' lang='lat' dir='ltr'>igitur</span> <span class='ocrx_word' id='word_1_19' title='bbox 487 778 523 839; x_wconf 90' lang='lat' dir='ltr'>ut</span> <span class='ocrx_word' id='word_1_20' title='bbox 535 771 671 840; x_wconf 86' lang='lat' dir='ltr'>Vinctus</span> <span class='ocrx_word' id='word_1_21' title='bbox 692 773 810 841; x_wconf 91' lang='lat' dir='ltr'>merito</span> <span class='ocrx_word' id='word_1_22' title='bbox 830 772 1023 844; x_wconf 88' lang='lat' dir='ltr'>indicaverit</span> <span class='ocrx_word' id='word_1_23' title='bbox 1047 775 1230 845; x_wconf 80' lang='lat' dir='ltr'>Ausonium</span> 
     </span>
     <span class='ocr_line' id='line_1_5' title="bbox 158 888 1233 980; baseline 0.006 -24"><span class='ocrx_word' id='word_1_24' title='bbox 158 909 283 977; x_wconf 84' lang='lat' dir='ltr'>graecos</span> <span class='ocrx_word' id='word_1_25' title='bbox 296 888 480 977; x_wconf 76' lang='lat' dir='ltr'>latinosque</span> <span class='ocrx_word' id='word_1_26' title='bbox 497 889 671 978; x_wconf 80' lang='lat' dir='ltr'>scriptores</span> <span class='ocrx_word' id='word_1_27' title='bbox 701 889 743 958; x_wconf 90' lang='lat' dir='ltr'>ad</span> <span class='ocrx_word' id='word_1_28' title='bbox 758 910 908 978; x_wconf 85' lang='lat' dir='ltr'>unguem</span> <span class='ocrx_word' id='word_1_29' title='bbox 928 892 1071 961; x_wconf 88' lang='lat' dir='ltr'>novisse.</span> <span class='ocrx_word' id='word_1_30' title='bbox 1092 893 1137 960; x_wconf 79' lang='lat' dir='ltr'>Ac</span> <span class='ocrx_word' id='word_1_31' title='bbox 1153 891 1233 980; x_wconf 86' lang='lat' dir='ltr'>jure</span> 
     </span>
     <span class='ocr_line' id='line_1_6' title="bbox 157 1005 1227 1095; baseline 0.002 -21"><span class='ocrx_word' id='word_1_32' title='bbox 157 1006 324 1075; x_wconf 79' lang='lat' dir='ltr'>deducere</span> <span class='ocrx_word' id='word_1_33' title='bbox 341 1025 518 1093; x_wconf 87' lang='lat' dir='ltr'>possumus</span> <span class='ocrx_word' id='word_1_34' title='bbox 538 1005 641 1095; x_wconf 86' lang='lat' dir='ltr'>ipsius</span> <span class='ocrx_word' id='word_1_35' title='bbox 659 1026 763 1094; x_wconf 84' lang='lat' dir='ltr'>genus</span> <span class='ocrx_word' id='word_1_36' title='bbox 798 1007 928 1075; x_wconf 90' lang='lat' dir='ltr'>dicendi</span> <span class='ocrx_word' id='word_1_37' title='bbox 945 1027 984 1078; x_wconf 83' lang='lat' dir='ltr'>ex</span> <span class='ocrx_word' id='word_1_38' title='bbox 1010 1010 1070 1076; x_wconf 92' lang='lat' dir='ltr'>hac</span> <span class='ocrx_word' id='word_1_39' title='bbox 1090 1008 1155 1076; x_wconf 88' lang='lat' dir='ltr'>alta</span> <span class='ocrx_word' id='word_1_40' title='bbox 1174 1009 1227 1078; x_wconf 93' lang='lat' dir='ltr'>lit-</span> 
     </span>
     <span class='ocr_line' id='line_1_7' title="bbox 155 1120 1226 1209; baseline 0.005 -21"><span class='ocrx_word' id='word_1_41' title='bbox 155 1120 433 1190; x_wconf 89' lang='lat' dir='ltr'>teratissimorum</span> <span class='ocrx_word' id='word_1_42' title='bbox 453 1120 630 1209; x_wconf 89' lang='lat' dir='ltr'>superioris</span> <span class='ocrx_word' id='word_1_43' title='bbox 655 1121 866 1209; x_wconf 81' lang='lat' dir='ltr'>ingeniorum</span> <span class='ocrx_word' id='word_1_44' title='bbox 886 1123 990 1192; x_wconf 87' lang='lat' dir='ltr'>aetatis</span> <span class='ocrx_word' id='word_1_45' title='bbox 1013 1123 1226 1194; x_wconf 82' lang='lat' dir='ltr'>meditatione</span> 
     </span>
     <span class='ocr_line' id='line_1_8' title="bbox 153 1236 947 1328; baseline 0.001 -23"><span class='ocrx_word' id='word_1_46' title='bbox 153 1245 291 1309; x_wconf 90' lang='lat' dir='ltr'>cunctas</span> <span class='ocrx_word' id='word_1_47' title='bbox 312 1236 432 1328; x_wconf 89' lang='lat' dir='ltr'>quihus</span> <span class='ocrx_word' id='word_1_48' title='bbox 452 1237 634 1307; x_wconf 88' lang='lat' dir='ltr'>illustratur</span> <span class='ocrx_word' id='word_1_49' title='bbox 652 1237 743 1306; x_wconf 89' lang='lat' dir='ltr'>dotes</span> <span class='ocrx_word' id='word_1_50' title='bbox 760 1238 947 1308; x_wconf 77' lang='lat' dir='ltr'>extraxisse.</span> 
     </span>
    </p>
   </div>
   <div class='ocr_carea' id='block_1_3' title="bbox 354 1567 958 1629">
    <p class='ocr_par' dir='ltr' id='par_1_4' title="bbox 354 1567 958 1629">
     <span class='ocr_line' id='line_1_9' title="bbox 354 1567 958 1629; baseline -0.005 -2"><span class='ocrx_word' id='word_1_51' title='bbox 354 1601 356 1607; x_wconf 93' lang='lat'>·</span> <span class='ocrx_word' id='word_1_52' title='bbox 417 1569 455 1627; x_wconf 90' lang='lat'>11.</span> <span class='ocrx_word' id='word_1_53' title='bbox 472 1567 594 1628; x_wconf 78' lang='lat' dir='ltr'>doneris</span> <span class='ocrx_word' id='word_1_54' title='bbox 607 1568 725 1629; x_wconf 85' lang='lat' dir='ltr'>dicendi</span> <span class='ocrx_word' id='word_1_55' title='bbox 737 1569 860 1628; x_wconf 74' lang='lat' dir='ltr'>Ausonii</span> <span class='ocrx_word' id='word_1_56' title='bbox 872 1569 958 1628; x_wconf 82' lang='lat' dir='ltr'>vitia.</span> 
     </span>
    </p>
   </div>
   <div class='ocr_carea' id='block_1_4' title="bbox 149 1825 1222 2377">
    <p class='ocr_par' dir='ltr' id='par_1_5' title="bbox 149 1825 1222 2377">
     <span class='ocr_line' id='line_1_10' title="bbox 199 1825 1222 1914; baseline 0.005 -22"><span class='ocrx_word' id='word_1_57' title='bbox 199 1825 267 1893; x_wconf 84' lang='lat' dir='ltr'>utsi</span> <span class='ocrx_word' id='word_1_58' title='bbox 283 1844 358 1893; x_wconf 88' lang='lat' dir='ltr'>vero</span> <span class='ocrx_word' id='word_1_59' title='bbox 374 1825 551 1913; x_wconf 84' lang='lat' dir='ltr'>sagacitate</span> <span class='ocrx_word' id='word_1_60' title='bbox 562 1825 702 1913; x_wconf 83' lang='lat' dir='ltr'>ingenii,</span> <span class='ocrx_word' id='word_1_61' title='bbox 715 1826 901 1914; x_wconf 86' lang='lat' dir='ltr'>judiciique</span> <span class='ocrx_word' id='word_1_62' title='bbox 916 1827 1069 1897; x_wconf 79' lang='lat' dir='ltr'>acumine</span> <span class='ocrx_word' id='word_1_63' title='bbox 1089 1835 1122 1896; x_wconf 92' lang='lat' dir='ltr'>et</span> <span class='ocrx_word' id='word_1_64' title='bbox 1142 1828 1222 1898; x_wconf 91' lang='lat' dir='ltr'>assi-</span> 
     </span>
     <span class='ocr_line' id='line_1_11' title="bbox 150 1941 1220 2031; baseline 0.002 -20"><span class='ocrx_word' id='word_1_65' title='bbox 150 1941 221 2011; x_wconf 93' lang='lat' dir='ltr'>duo</span> <span class='ocrx_word' id='word_1_66' title='bbox 237 1941 353 2030; x_wconf 88' lang='lat' dir='ltr'>optimi</span> <span class='ocrx_word' id='word_1_67' title='bbox 368 1941 526 2031; x_wconf 89' lang='lat' dir='ltr'>aureique</span> <span class='ocrx_word' id='word_1_68' title='bbox 544 1941 602 2010; x_wconf 86' lang='lat' dir='ltr'>aevi</span> <span class='ocrx_word' id='word_1_69' title='bbox 616 1941 800 2010; x_wconf 92' lang='lat' dir='ltr'>litterarum</span> <span class='ocrx_word' id='word_1_70' title='bbox 811 1962 874 2010; x_wconf 89' lang='lat' dir='ltr'>usu</span> <span class='ocrx_word' id='word_1_71' title='bbox 888 1943 1150 2027; x_wconf 86' lang='lat' dir='ltr'>commandatur,</span> <span class='ocrx_word' id='word_1_72' title='bbox 1170 1965 1220 2013; x_wconf 90' lang='lat' dir='ltr'>sa·</span> 
     </span>
     <span class='ocr_line' id='line_1_12' title="bbox 149 2056 1219 2147; baseline 0.003 -23"><span class='ocrx_word' id='word_1_73' title='bbox 149 2075 219 2124; x_wconf 92' lang='lat' dir='ltr'>nus</span> <span class='ocrx_word' id='word_1_74' title='bbox 235 2062 345 2123; x_wconf 91' lang='lat' dir='ltr'>tamen</span> <span class='ocrx_word' id='word_1_75' title='bbox 360 2062 393 2124; x_wconf 90' lang='lat' dir='ltr'>et</span> <span class='ocrx_word' id='word_1_76' title='bbox 415 2056 590 2125; x_wconf 89' lang='lat' dir='ltr'>incolumis</span> <span class='ocrx_word' id='word_1_77' title='bbox 613 2077 671 2146; x_wconf 90' lang='lat' dir='ltr'>per</span> <span class='ocrx_word' id='word_1_78' title='bbox 695 2058 805 2126; x_wconf 87' lang='lat' dir='ltr'>saeculi</span> <span class='ocrx_word' id='word_1_79' title='bbox 829 2078 938 2125; x_wconf 82' lang='lat' dir='ltr'>naevos</span> <span class='ocrx_word' id='word_1_80' title='bbox 965 2057 1127 2147; x_wconf 85' lang='lat' dir='ltr'>faecesque</span> <span class='ocrx_word' id='word_1_81' title='bbox 1152 2080 1219 2127; x_wconf 90' lang='lat' dir='ltr'>non</span> 
     </span>
     <span class='ocr_line' id='line_1_13' title="bbox 151 2169 1219 2260; baseline 0.002 -20"><span class='ocrx_word' id='word_1_82' title='bbox 151 2169 268 2240; x_wconf 89' lang='lat' dir='ltr'>evasit.</span> <span class='ocrx_word' id='word_1_83' title='bbox 296 2170 440 2239; x_wconf 91' lang='lat' dir='ltr'>Plurima</span> <span class='ocrx_word' id='word_1_84' title='bbox 467 2171 567 2260; x_wconf 89' lang='lat' dir='ltr'>hujus</span> <span class='ocrx_word' id='word_1_85' title='bbox 602 2173 714 2240; x_wconf 75' lang='lat' dir='ltr'>seculi</span> <span class='ocrx_word' id='word_1_86' title='bbox 738 2173 815 2241; x_wconf 88' lang='lat' dir='ltr'>vitia</span> <span class='ocrx_word' id='word_1_87' title='bbox 837 2172 1065 2240; x_wconf 81' lang='lat' dir='ltr'>Ausonianum</span> <span class='ocrx_word' id='word_1_88' title='bbox 1088 2173 1219 2243; x_wconf 90' lang='lat' dir='ltr'>dicendi</span> 
     </span>
     <span class='ocr_line' id='line_1_14' title="bbox 151 2269 1217 2377; baseline 0.002 -22"><span class='ocrx_word' id='word_1_89' title='bbox 151 2306 260 2375; x_wconf 86' lang='lat' dir='ltr'>genus</span> <span class='ocrx_word' id='word_1_90' title='bbox 273 2286 317 2354; x_wconf 89' lang='lat' dir='ltr'>ita</span> <span class='ocrx_word' id='word_1_91' title='bbox 331 2287 535 2369; x_wconf 85' lang='lat' dir='ltr'>imbuerunt,</span> <span class='ocrx_word' id='word_1_92' title='bbox 547 2295 584 2355; x_wconf 94' lang='lat' dir='ltr'>ut</span> <span class='ocrx_word' id='word_1_93' title='bbox 599 2296 701 2377; x_wconf 84' lang='lat' dir='ltr'>poetae</span> <span class='ocrx_word' id='word_1_94' title='bbox 713 2287 815 2355; x_wconf 88' lang='lat' dir='ltr'>nostri</span> <span class='ocrx_word' id='word_1_95' title='bbox 826 2289 970 2355; x_wconf 89' lang='lat' dir='ltr'>sermoni</span> <span class='ocrx_word' id='word_1_96' title='bbox 985 2269 1090 2357; x_wconf 87' lang='lat' dir='ltr'>multa</span> <span class='ocrx_word' id='word_1_97' title='bbox 1102 2289 1217 2373; x_wconf 87' lang='lat' dir='ltr'>insint,</span> 
     </span>
    </p>
   </div>
   <div class='ocr_carea' id='block_1_5' title="bbox 149 2402 1218 2704">
    <p class='ocr_par' dir='ltr' id='par_1_6' title="bbox 149 2402 1218 2704">
     <span class='ocr_line' id='line_1_15' title="bbox 151 2402 1218 2493; baseline 0.005 -25"><span class='ocrx_word' id='word_1_98' title='bbox 151 2422 228 2490; x_wconf 75' lang='lat' dir='ltr'>quoe</span> <span class='ocrx_word' id='word_1_99' title='bbox 240 2403 362 2471; x_wconf 90' lang='lat' dir='ltr'>mirum</span> <span class='ocrx_word' id='word_1_100' title='bbox 372 2402 414 2470; x_wconf 90' lang='lat' dir='ltr'>sit</span> <span class='ocrx_word' id='word_1_101' title='bbox 425 2422 502 2470; x_wconf 92' lang='lat' dir='ltr'>eum</span> <span class='ocrx_word' id='word_1_102' title='bbox 513 2402 705 2492; x_wconf 79' lang='lat' dir='ltr'>scriptorem</span> <span class='ocrx_word' id='word_1_103' title='bbox 718 2403 864 2492; x_wconf 89' lang='lat' dir='ltr'>potuisse</span> <span class='ocrx_word' id='word_1_104' title='bbox 875 2402 1060 2486; x_wconf 84' lang='lat' dir='ltr'>admittere,</span> <span class='ocrx_word' id='word_1_105' title='bbox 1073 2404 1129 2493; x_wconf 94' lang='lat' dir='ltr'>qui</span> <span class='ocrx_word' id='word_1_106' title='bbox 1140 2404 1218 2473; x_wconf 89' lang='lat' dir='ltr'>alias</span> 
     </span>
     <span class='ocr_line' id='line_1_16' title="bbox 149 2516 1216 2608; baseline 0.002 -22"><span class='ocrx_word' id='word_1_107' title='bbox 149 2520 200 2586; x_wconf 91' lang='lat' dir='ltr'>ita</span> <span class='ocrx_word' id='word_1_108' title='bbox 219 2516 304 2587; x_wconf 90' lang='lat' dir='ltr'>bene</span> <span class='ocrx_word' id='word_1_109' title='bbox 325 2517 455 2587; x_wconf 90' lang='lat' dir='ltr'>dicendi</span> <span class='ocrx_word' id='word_1_110' title='bbox 480 2538 592 2587; x_wconf 89' lang='lat' dir='ltr'>curam</span> <span class='ocrx_word' id='word_1_111' title='bbox 606 2541 670 2608; x_wconf 82' lang='lat' dir='ltr'>prae</span> <span class='ocrx_word' id='word_1_112' title='bbox 692 2519 835 2602; x_wconf 84' lang='lat' dir='ltr'>scierat,</span> <span class='ocrx_word' id='word_1_113' title='bbox 851 2527 889 2588; x_wconf 88' lang='lat' dir='ltr'>ut</span> <span class='ocrx_word' id='word_1_114' title='bbox 907 2520 941 2588; x_wconf 90' lang='lat' dir='ltr'>in</span> <span class='ocrx_word' id='word_1_115' title='bbox 962 2520 1216 2608; x_wconf 82' lang='lat' dir='ltr'>elegantioribus</span> 
     </span>
     <span class='ocr_line' id='line_1_17' title="bbox 149 2634 471 2704; baseline -0.006 -2"><span class='ocrx_word' id='word_1_116' title='bbox 149 2634 281 2702; x_wconf 90' lang='lat' dir='ltr'>censeri</span> <span class='ocrx_word' id='word_1_117' title='bbox 295 2642 471 2704; x_wconf 90' lang='lat' dir='ltr'>mereatur.</span> 
     </span>
    </p>
   </div>
   <div class='ocr_carea' id='block_1_6' title="bbox 145 2869 1216 4120">
    <p class='ocr_par' dir='ltr' id='par_1_7' title="bbox 145 2869 1216 4120">
     <span class='ocr_line' id='line_1_18' title="bbox 196 2869 1216 2959; baseline 0.001 -22"><span class='ocrx_word' id='word_1_118' title='bbox 196 2870 221 2937; x_wconf 87' lang='lat'>1.</span> <span class='ocrx_word' id='word_1_119' title='bbox 241 2870 400 2950; x_wconf 89' lang='lat' dir='ltr'>Primum,</span> <span class='ocrx_word' id='word_1_120' title='bbox 426 2869 562 2938; x_wconf 78' lang='lat' dir='ltr'>Ausonii</span> <span class='ocrx_word' id='word_1_121' title='bbox 580 2870 699 2959; x_wconf 87' lang='lat' dir='ltr'>scripta</span> <span class='ocrx_word' id='word_1_122' title='bbox 718 2869 895 2938; x_wconf 90' lang='lat' dir='ltr'>immodico</span> <span class='ocrx_word' id='word_1_123' title='bbox 918 2877 1047 2939; x_wconf 89' lang='lat' dir='ltr'>tumore</span> <span class='ocrx_word' id='word_1_124' title='bbox 1061 2869 1149 2938; x_wconf 93' lang='lat' dir='ltr'>haud</span> <span class='ocrx_word' id='word_1_125' title='bbox 1165 2891 1216 2938; x_wconf 91' lang='lat' dir='ltr'>se-</span> 
     </span>
     <span class='ocr_line' id='line_1_19' title="bbox 147 2985 1215 3075; baseline 0 -21"><span class='ocrx_word' id='word_1_126' title='bbox 147 2987 218 3054; x_wconf 91' lang='lat' dir='ltr'>mel</span> <span class='ocrx_word' id='word_1_127' title='bbox 233 2986 413 3054; x_wconf 86' lang='lat' dir='ltr'>inflantur:</span> <span class='ocrx_word' id='word_1_128' title='bbox 435 2988 497 3054; x_wconf 95' lang='lat' dir='ltr'>hoc</span> <span class='ocrx_word' id='word_1_129' title='bbox 514 2986 603 3054; x_wconf 90' lang='lat' dir='ltr'>enim</span> <span class='ocrx_word' id='word_1_130' title='bbox 623 2995 771 3075; x_wconf 90' lang='lat' dir='ltr'>tempore</span> <span class='ocrx_word' id='word_1_131' title='bbox 788 2985 959 3054; x_wconf 88' lang='lat' dir='ltr'>doctorum</span> <span class='ocrx_word' id='word_1_132' title='bbox 979 3007 1088 3054; x_wconf 91' lang='lat' dir='ltr'>sermo</span> <span class='ocrx_word' id='word_1_133' title='bbox 1115 3008 1134 3055; x_wconf 93' lang='lat' dir='ltr'>a</span> <span class='ocrx_word' id='word_1_134' title='bbox 1157 3006 1215 3054; x_wconf 90' lang='lat' dir='ltr'>na·</span> 
     </span>
     <span class='ocr_line' id='line_1_20' title="bbox 146 3101 1216 3192; baseline 0 -22"><span class='ocrx_word' id='word_1_135' title='bbox 146 3103 216 3171; x_wconf 77' lang='lat' dir='ltr'>tiva</span> <span class='ocrx_word' id='word_1_136' title='bbox 231 3102 439 3192; x_wconf 86' lang='lat' dir='ltr'>simplicitate</span> <span class='ocrx_word' id='word_1_137' title='bbox 451 3111 549 3190; x_wconf 88' lang='lat' dir='ltr'>atque</span> <span class='ocrx_word' id='word_1_138' title='bbox 572 3123 671 3170; x_wconf 89' lang='lat' dir='ltr'>anon</span> <span class='ocrx_word' id='word_1_139' title='bbox 696 3101 802 3169; x_wconf 88' lang='lat' dir='ltr'>fucato</span> <span class='ocrx_word' id='word_1_140' title='bbox 827 3102 937 3192; x_wconf 90' lang='lat' dir='ltr'>lepore</span> <span class='ocrx_word' id='word_1_141' title='bbox 961 3101 1152 3185; x_wconf 87' lang='lat' dir='ltr'>desciverat,</span> <span class='ocrx_word' id='word_1_142' title='bbox 1182 3111 1216 3172; x_wconf 93' lang='lat' dir='ltr'>et</span> 
     </span>
     <span class='ocr_line' id='line_1_21' title="bbox 146 3218 1215 3307; baseline 0.001 -20"><span class='ocrx_word' id='word_1_143' title='bbox 146 3221 186 3287; x_wconf 92' lang='lat' dir='ltr'>in</span> <span class='ocrx_word' id='word_1_144' title='bbox 212 3219 377 3307; x_wconf 81' lang='lat' dir='ltr'>turgidum</span> <span class='ocrx_word' id='word_1_145' title='bbox 401 3219 651 3306; x_wconf 80' lang='lat' dir='ltr'>adeotatamqne</span> <span class='ocrx_word' id='word_1_146' title='bbox 676 3219 857 3286; x_wconf 88' lang='lat' dir='ltr'>orationem</span> <span class='ocrx_word' id='word_1_147' title='bbox 880 3218 1106 3289; x_wconf 77' lang='lat' dir='ltr'>aberraverat·</span> <span class='ocrx_word' id='word_1_148' title='bbox 1121 3218 1215 3298; x_wconf 84' lang='lat' dir='ltr'>Quod</span> 
     </span>
     <span class='ocr_line' id='line_1_22' title="bbox 148 3334 1215 3423; baseline 0 -21"><span class='ocrx_word' id='word_1_149' title='bbox 148 3334 286 3423; x_wconf 89' lang='lat' dir='ltr'>quidem</span> <span class='ocrx_word' id='word_1_150' title='bbox 302 3335 519 3423; x_wconf 82' lang='lat' dir='ltr'>Symmachus</span> <span class='ocrx_word' id='word_1_151' title='bbox 539 3335 609 3422; x_wconf 89' lang='lat' dir='ltr'>ipse</span> <span class='ocrx_word' id='word_1_152' title='bbox 622 3342 761 3402; x_wconf 89' lang='lat' dir='ltr'>testatur</span> <span class='ocrx_word' id='word_1_153' title='bbox 778 3355 785 3401; x_wconf 95' lang='lat'>:</span> <span class='ocrx_word' id='word_1_154' title='bbox 806 3361 822 3396; x_wconf 90' lang='lat'>«</span> <span class='ocrx_word' id='word_1_155' title='bbox 835 3336 947 3402; x_wconf 71' lang='lat' dir='ltr'>trahit</span> <span class='ocrx_word' id='word_1_156' title='bbox 965 3357 1024 3404; x_wconf 92' lang='lat' dir='ltr'>nos</span> <span class='ocrx_word' id='word_1_157' title='bbox 1039 3355 1118 3404; x_wconf 90' lang='lat' dir='ltr'>usus</span> <span class='ocrx_word' id='word_1_158' title='bbox 1132 3342 1215 3405; x_wconf 88' lang='lat' dir='ltr'>tem-</span> 
     </span>
     <span class='ocr_line' id='line_1_23' title="bbox 147 3448 1216 3539; baseline 0 -23"><span class='ocrx_word' id='word_1_159' title='bbox 147 3449 239 3539; x_wconf 90' lang='lat' dir='ltr'>poris</span> <span class='ocrx_word' id='word_1_160' title='bbox 258 3449 292 3516; x_wconf 95' lang='lat' dir='ltr'>in</span> <span class='ocrx_word' id='word_1_161' title='bbox 315 3449 451 3537; x_wconf 84' lang='lat' dir='ltr'>argutiis</span> <span class='ocrx_word' id='word_1_162' title='bbox 476 3448 658 3536; x_wconf 88' lang='lat' dir='ltr'>plausibilis</span> <span class='ocrx_word' id='word_1_163' title='bbox 679 3448 853 3516; x_wconf 90' lang='lat' dir='ltr'>sermonis.</span> <span class='ocrx_word' id='word_1_164' title='bbox 881 3449 985 3527; x_wconf 83' lang='lat' dir='ltr'>Quare</span> <span class='ocrx_word' id='word_1_165' title='bbox 1011 3449 1137 3536; x_wconf 78' lang='lat' dir='ltr'>aequius</span> <span class='ocrx_word' id='word_1_166' title='bbox 1159 3449 1216 3516; x_wconf 89' lang='lat' dir='ltr'>ad-</span> 
     </span>
     <span class='ocr_line' id='line_1_24' title="bbox 147 3563 1215 3653; baseline 0 -21"><span class='ocrx_word' id='word_1_167' title='bbox 147 3564 246 3633; x_wconf 88' lang='lat' dir='ltr'>mitte</span> <span class='ocrx_word' id='word_1_168' title='bbox 264 3565 414 3652; x_wconf 84' lang='lat' dir='ltr'>linguam</span> <span class='ocrx_word' id='word_1_169' title='bbox 434 3565 544 3634; x_wconf 88' lang='lat' dir='ltr'>saeculi</span> <span class='ocrx_word' id='word_1_170' title='bbox 560 3563 676 3646; x_wconf 84' lang='lat' dir='ltr'>nostri,</span> <span class='ocrx_word' id='word_1_171' title='bbox 710 3573 742 3631; x_wconf 89' lang='lat' dir='ltr'>et</span> <span class='ocrx_word' id='word_1_172' title='bbox 757 3564 872 3633; x_wconf 91' lang='lat' dir='ltr'>deesse</span> <span class='ocrx_word' id='word_1_173' title='bbox 887 3565 964 3633; x_wconf 90' lang='lat' dir='ltr'>huic</span> <span class='ocrx_word' id='word_1_174' title='bbox 984 3563 1126 3653; x_wconf 76' lang='lat' dir='ltr'>epistole</span> <span class='ocrx_word' id='word_1_175' title='bbox 1142 3564 1215 3633; x_wconf 90' lang='lat' dir='ltr'>atti-</span> 
     </span>
     <span class='ocr_line' id='line_1_25' title="bbox 147 3680 1215 3768; baseline -0.002 -18"><span class='ocrx_word' id='word_1_176' title='bbox 147 3702 223 3750; x_wconf 89' lang='lat' dir='ltr'>cam</span> <span class='ocrx_word' id='word_1_177' title='bbox 243 3682 416 3749; x_wconf 86' lang='lat' dir='ltr'>sanitatem</span> <span class='ocrx_word' id='word_1_178' title='bbox 431 3680 510 3748; x_wconf 89' lang='lat' dir='ltr'>boni</span> <span class='ocrx_word' id='word_1_179' title='bbox 525 3681 671 3748; x_wconf 85' lang='lat' dir='ltr'>consule.</span> <span class='ocrx_word' id='word_1_180' title='bbox 691 3707 707 3742; x_wconf 87' lang='lat'>»</span> <span class='ocrx_word' id='word_1_181' title='bbox 721 3682 892 3749; x_wconf 87' lang='lat' dir='ltr'>Summam</span> <span class='ocrx_word' id='word_1_182' title='bbox 906 3681 1066 3750; x_wconf 91' lang='lat' dir='ltr'>sermonis</span> <span class='ocrx_word' id='word_1_183' title='bbox 1082 3681 1215 3768; x_wconf 83' lang='lat' dir='ltr'>elegan-</span> 
     </span>
     <span class='ocr_line' id='line_1_26' title="bbox 147 3796 1213 3887; baseline 0.002 -22"><span class='ocrx_word' id='word_1_184' title='bbox 147 3798 231 3865; x_wconf 89' lang='lat' dir='ltr'>tiam</span> <span class='ocrx_word' id='word_1_185' title='bbox 241 3797 275 3865; x_wconf 93' lang='lat' dir='ltr'>in</span> <span class='ocrx_word' id='word_1_186' title='bbox 284 3796 583 3886; x_wconf 85' lang='lat' dir='ltr'>jejunaverborum</span> <span class='ocrx_word' id='word_1_187' title='bbox 596 3798 837 3867; x_wconf 87' lang='lat' dir='ltr'>concertatione</span> <span class='ocrx_word' id='word_1_188' title='bbox 853 3805 952 3886; x_wconf 90' lang='lat' dir='ltr'>atque</span> <span class='ocrx_word' id='word_1_189' title='bbox 970 3796 1059 3866; x_wconf 90' lang='lat' dir='ltr'>inani</span> <span class='ocrx_word' id='word_1_190' title='bbox 1075 3797 1213 3887; x_wconf 87' lang='lat' dir='ltr'>strepitu</span> 
     </span>
     <span class='ocr_line' id='line_1_27' title="bbox 147 3912 1212 4002; baseline 0.003 -22"><span class='ocrx_word' id='word_1_191' title='bbox 147 3932 283 4002; x_wconf 91' lang='lat' dir='ltr'>quoque</span> <span class='ocrx_word' id='word_1_192' title='bbox 310 3913 460 3982; x_wconf 89' lang='lat' dir='ltr'>solebant</span> <span class='ocrx_word' id='word_1_193' title='bbox 484 3913 644 3980; x_wconf 81' lang='lat' dir='ltr'>affectare.</span> <span class='ocrx_word' id='word_1_194' title='bbox 668 3912 766 3980; x_wconf 91' lang='lat' dir='ltr'>Nohis</span> <span class='ocrx_word' id='word_1_195' title='bbox 791 3913 833 3981; x_wconf 91' lang='lat' dir='ltr'>sit</span> <span class='ocrx_word' id='word_1_196' title='bbox 854 3912 1051 3982; x_wconf 91' lang='lat' dir='ltr'>documento</span> <span class='ocrx_word' id='word_1_197' title='bbox 1076 3914 1212 3984; x_wconf 79' lang='lat' dir='ltr'>Ausonii</span> 
     </span>
     <span class='ocr_line' id='line_1_28' title="bbox 145 4020 1010 4120; baseline 0.001 -25"><span class='ocrx_word' id='word_1_198' title='bbox 145 4029 340 4120; x_wconf 77' lang='lat' dir='ltr'>quotiorum</span> <span class='ocrx_word' id='word_1_199' title='bbox 360 4028 447 4098; x_wconf 82' lang='lat' dir='ltr'>ectio</span> <span class='ocrx_word' id='word_1_200' title='bbox 457 4051 524 4120; x_wconf 77' lang='lat' dir='ltr'>pro</span> <span class='ocrx_word' id='word_1_201' title='bbox 545 4027 728 4096; x_wconf 82' lang='lat' dir='ltr'>consulatu.</span> <span class='ocrx_word' id='word_1_202' title='bbox 1009 4020 1010 4024; x_wconf 55' lang='grc'>’</span> 
     </span>
    </p>
   </div>
   <div class='ocr_carea' id='block_1_7' title="bbox 0 0 1370 4926">
    <p class='ocr_par' dir='ltr' id='par_1_8' title="bbox 0 0 1370 4926">
     <span class='ocr_line' id='line_1_29' title="bbox 0 0 1370 4926; baseline 0 4"><span class='ocrx_word' id='word_1_203' title='bbox 0 0 1370 4926; x_wconf 95' lang='lat' dir='ltr'> </span> 
     </span>
    </p>
   </div>
  </div>
 </body>
</html>
