2730 4926
591 353 767 418 ..pg-

147 542 234 604 mm,
251 521 433 590 imitatione
446 521 524 589 satis
540 540 704 610 superque
724 527 852 590 canstat
873 523 1058 590 Ausonium
1084 543 1125 592 re
1150 545 1219 593 me·

147 639 227 707 trica
254 659 353 708 usum
374 638 489 722 fuisse,
516 657 601 727 qua,
632 637 763 706 dotibus
788 638 1011 727 singularibus
1036 639 1216 722 illustrata,

146 753 396 822 admirationem
411 761 559 823 nostram
571 753 674 844 possit
689 774 834 822 movere.
853 755 914 834 Qui
937 754 1028 823 enim
1042 762 1113 824 tam
1129 757 1216 825 bene

145 869 274 956 legesa
301 870 530 959 prestantibus
555 890 711 939 versuum
739 869 963 940 conditoribus
995 877 1140 940 statutas
1160 893 1217 939 no-

146 985 203 1068 vit,
220 985 340 1075 hisque
355 993 421 1053 tam
437 991 511 1075 apte
527 1004 599 1054 sese
616 984 854 1069 accommodat,
872 1025 915 1037 -
936 984 992 1054 ille
1010 1006 1152 1056 necesse
1170 996 1218 1056 est

146 1111 182 1169 ut
197 1122 280 1191 pure
298 1108 396 1189 atque
413 1100 586 1169 emendate
594 1121 817 1191 numerosque
828 1101 1010 1192 modosque
1025 1110 1151 1172 servet.
1165 1104 1221 1172 lit-

145 1226 256 1287 tamen
269 1217 404 1287 Ausonii
419 1237 472 1286 res
499 1217 635 1286 metrica
650 1219 737 1287 vitiis
765 1220 918 1306 gravibus
944 1220 1105 1305 inficitur,
1144 1243 1216 1311 que

144 1335 390 1425 patefaciemus,
408 1356 510 1425 pauca
523 1335 564 1403 de
581 1334 729 1416 elisione,
744 1344 816 1404 tum
833 1334 873 1405 de
887 1337 1089 1424 syllabarum
1110 1358 1217 1427 quan-

145 1452 250 1535 titate,
268 1458 339 1519 tum
360 1450 400 1519 de
415 1451 605 1519 hexametro
626 1458 657 1519 et
672 1458 879 1540 pentametro
891 1451 990 1520 verba
1008 1451 1143 1522 facturi.

191 1571 223 1634 1⁰
237 1564 358 1634 Elicio.
373 1604 418 1618 -
432 1568 523 1654 Saepe
538 1586 655 1635 vocum
679 1566 782 1636 finem
802 1568 974 1637 Ausonius*
992 1568 1135 1638 elisione
1162 1569 1217 1639 de-

143 1683 254 1766 trahit,
270 1703 409 1771 eamque
421 1682 466 1749 ita
482 1681 667 1771 frequentat
686 1683 869 1766 elisionem,
885 1691 923 1753 ut
937 1682 1122 1774 saepissime
1140 1685 1215 1754 duaa

145 1799 298 1869 elisiones
314 1820 380 1867 uuo
401 1797 584 1888 eodemque
600 1820 696 1869 versu
712 1801 836 1889 legenti
856 1809 1038 1871 occurrant.
1052 1801 1131 1871 llaec
1148 1802 1216 1871 sui-

144 1917 256 1986 ficiant
271 1916 418 2006 exempla
433 1937 441 1984 :

188 2035 287 2101 Fama
309 2040 370 2115 est,
396 2032 551 2102 fictilibus
570 2054 717 2103 cmnasse
737 2035 934 2122 Agathoclea
949 2055 1066 2124 regem
1092 2035 1214 2128 (epigr.
1249 2058 1252 2065 ’

144 2147 228 2231 Vlll,
252 2148 295 2240 l).

188 2303 231 2316 -
245 2266 414 2353 Atlepus:
443 2265 478 2332 in
492 2286 546 2335 me
580 2266 687 2337 omnia
704 2274 797 2336 terra
826 2267 1001 2358 pelagique
1030 2268 1149 2358 rapina
1167 2279 1219 2339 est

145 2380 251 2471 epigr.
271 2381 356 2463 XlV,
377 2381 424 2472 3).

188 2536 231 2548 -
263 2499 364 2565 lanta
391 2497 440 2566 illi
473 2505 585 2567 nostra
614 2506 665 2568 est
694 2497 733 2567 de
769 2498 932 2588 probitate
971 2497 1052 2568 fides
1090 2499 1213 2592 (epigr.

144 2613 257 2691 XVlll,
274 2617 320 2699 l).

189 2767 231 2780 —
242 2729 395 2810 Consule,
410 2728 635 2819 utimperium
645 2729 740 2800 divisi
754 2732 916 2801 attolleret
928 2730 1015 2801 orbis
1028 2731 1123 2820 (nob.
1135 2733 1214 2803 urb.

143 2847 199 2929 Vl,
221 2846 267 2938 8).

186 3003 229 3015 -
248 2964 334 3032 Mitis
353 2962 422 3046 ubi,
447 2969 493 3033 et.
511 2963 613 3052 riguae
640 2965 730 3053 larga
758 2963 966 3054 indulgentia
992 2972 1088 3034 terrae
1116 2965 1214 3058 (nob.

144 3080 217 3148 urb.
234 3080 319 3163 XIV,
336 3078 381 3170 9).
1214 3164 1215 3168 Ἰ

187 3232 230 3245 -
245 3196 405 3283 Namque,
422 3202 454 3264 at
469 3198 604 3265 Proneae
619 3198 833 3286 Nemesaeque
849 3197 959 3287 adjuta
971 3206 1081 3268 meatu
1103 3198 1214 3290 (idyll.

142 3310 179 3393 X,
194 3311 285 3396 354).

163 3499 168 3509 ,
187 3464 229 3476 -
250 3425 462 3510 Quinetiam,
490 3435 557 3497 tres
583 3429 793 3519 reperiuntur
817 3452 883 3499 uno
902 3430 1084 3518 eodemque
1113 3452 1215 3502 versu

23 3580 36 3632 χ
144 3542 322 3611 elisiones:

185 3659 291 3747 Atque
304 3659 426 3727 oleum.
445 3660 534 3729 Bene
551 3660 598 3730 ais
616 3683 624 3731 ε
642 3682 739 3731 causa
754 3662 812 3731 sed
831 3663 892 3732 ista
911 3662 994 3731 mihi
1018 3670 1068 3732 est
1087 3661 1212 3755 (epigr.

142 3774 283 3857 XXXIV,
299 3774 344 3865 8).

186 3891 355 3960 -Nosse
383 3892 500 3976 Deum,
536 3902 568 3962 et
595 3895 730 3964 fratrem
760 3895 896 3984 diligere
923 3904 997 3966 ante
1024 3895 1104 3966 alios
1125 3896 1211 3989 (par.

141 4006 216 4089 Xll,
239 4005 284 4098 8).
