2730 4926
593 424 768 488 43-

147 598 255 669 verbis
275 616 406 686 quoque
421 594 640 664 conferamus.
657 595 693 661 ln
709 596 770 664 hoc
786 595 942 677 carmine,
961 592 1050 683 quod
1066 593 1107 663 de
1122 595 1212 663 omni

147 714 327 806 piscatione
346 710 785 794 verisimilitertractabatur,
805 720 916 780 auctor
934 717 1086 779 naturam
1106 712 1212 780 omni-

147 833 211 900 hus
231 829 452 898 animantibus
475 828 588 917 fugam
609 829 722 897 mortis
754 835 787 897 et
813 831 982 897 horrorem
997 828 1209 916 ingenerasse

149 948 308 1029 affirmat;
330 952 402 1013 tum
432 944 587 1034 quodque
608 945 748 1035 piscium
763 965 869 1033 genus
889 944 930 1012 ad
949 944 1146 1014 industriam
1160 945 1211 1014 vel

147 1063 315 1145 astutiam,
333 1071 369 1130 ut
383 1064 498 1129 hamos
514 1063 661 1151 retiaque
678 1063 768 1144 vitet,
791 1062 968 1150 confugere
984 1070 1104 1130 narrat.
1131 1062 1212 1129 Pau-

68 1258 72 1265 ,
147 1185 219 1251 lum
234 1200 310 1249 vero
325 1177 514 1267 digrediens
534 1178 575 1246 ad
587 1179 771 1248 animantes
782 1188 964 1262 terrestres,
983 1179 1039 1268 qui
1054 1178 1210 1246 eumdem

148 1299 183 1366 in
202 1296 340 1365 modum
359 1302 416 1363 aut
442 1294 577 1379 viribus,
599 1305 656 1364 aut
679 1296 769 1384 fuga,
792 1296 854 1364 sibi
869 1315 1000 1385 semper
1018 1295 1208 1373 consulunt,

149 1414 190 1483 de
206 1412 385 1504 piscatione
401 1410 543 1488 disserit,
561 1412 768 1502 pisciumque
788 1414 907 1481 classes
928 1419 1111 1480 enumerat.

193 1529 270 1608 Qua
290 1527 399 1596 omnia
424 1549 491 1596 non
506 1537 574 1595 arte
594 1536 627 1596 et
642 1529 773 1598 solertia
787 1537 909 1611 carent,
926 1527 984 1596 sed
999 1528 1111 1617 procul
1128 1548 1146 1594 a
1161 1527 1209 1594 di-

147 1645 327 1714 sertissima
343 1651 376 1712 et
394 1643 603 1713 festivissima
622 1644 768 1712 Mosellae
787 1646 929 1734 piscium
944 1644 1148 1725 recensione,
1167 1652 1213 1710 at-

148 1777 213 1850 que
229 1761 268 1828 ab
284 1760 425 1847 eleganti
442 1761 582 1829 aliorum
593 1760 805 1850 adpiscatum
818 1761 1053 1851 pertinentium
1070 1759 1212 1848 descrip-

148 1879 236 1945 tione
248 1876 381 1944 absunt.
390 1877 714 1945 ExHallieuticorum
726 1879 827 1959 enim,
839 1899 911 1966 quae
921 1877 1119 1958 notavimus,
1132 1895 1216 1944 enu-

146 1994 328 2062 meratione
358 1994 433 2061 exili
467 2000 500 2060 et
527 1993 642 2081 jejuna
683 1994 817 2062 taedium
856 1995 998 2063 breviter
1030 1992 1212 2074 subornon

147 2109 284 2179 Ausonii
299 2129 375 2179 vero
391 2108 621 2199 descriptione,
634 2132 733 2198 quam
748 2112 809 2180 etsi
823 2133 940 2200 parum
955 2129 1102 2199 pressam
1118 2117 1151 2177 et
1164 2128 1215 2176 re-

147 2225 351 2295 dundantem
371 2226 507 2313 quidam
533 2227 749 2310 estimarunt,
776 2227 865 2295 haud
892 2227 1059 2295 immerito
1089 2244 1214 2293 recrea-

149 2364 237 2411 mur.
291 2416 292 2420 ,

193 2458 436 2527 concludamus
465 2457 567 2546 igitur
590 2459 697 2527 Nostri
712 2459 898 2542 Mosellam,
931 2458 1106 2529 virtutihus
1125 2455 1215 2525 haud

146 2573 255 2643 dubiis
284 2574 495 2657 illustratum,
529 2575 575 2644 sic
606 2584 777 2665 nepotum,
810 2585 846 2644 ut
873 2575 1050 2664 aequalium
1069 2574 1212 2642 latorem
1294 2633 1298 2647 .

146 2691 278 2760 mereri.
305 2692 369 2759 Nec
389 2692 548 2761 miremur
581 2693 608 2760 si
644 2692 806 2782 praedictis
836 2691 1023 2781 Symmachi
1046 2690 1210 2771 uocibus,

146 2806 290 2898 (omissis
311 2808 402 2875 Petro
427 2808 574 2891 Possino,
596 2811 730 2877 Erasmo
751 2809 797 2898 (in
824 2807 1061 2897 Ciceroniano),
1079 2806 1148 2874 Elia
1163 2805 1210 2873 Vi-

145 2931 239 3007 neto,
263 2923 493 3004 Bittershusio,
512 2925 684 3015 Hanckio),
710 2925 845 2993 omnino
871 2925 956 2992 favet
972 2922 1214 2991 eruditissimus

147 3046 183 3110 et
195 3039 290 3108 latini
313 3039 475 3108 sermonis
490 3041 709 3130 peritissimus
726 3041 893 3128 Scaliger:
919 3068 935 3103 «
955 3039 1123 3108 Mosellam
1138 3057 1213 3106 vero

149 3155 232 3224 adeo
253 3157 404 3239 excoluit,
423 3165 460 3224 ut
476 3178 513 3225 ea
531 3159 599 3226 sola
614 3158 727 3246 magni
747 3165 849 3247 poetae
865 3176 987 3225 nomen
1001 3156 1065 3224 sihi
1084 3175 1214 3243 compa-

147 3292 220 3341 rare
235 3273 389 3362 potuerit.
411 3276 468 3341 Est
483 3274 573 3343 enim
588 3275 623 3342 in
639 3295 677 3343 ea
693 3275 798 3342 multa
818 3293 869 3341 ars
888 3282 961 3340 tum
975 3271 1210 3359 dispositionis,

147 3396 219 3456 tum
240 3389 447 3458 elocutionis.
470 3391 571 3458 Multa
599 3390 726 3459 lumina
746 3391 940 3478 figurarum,
959 3387 1103 3456 multum
1117 3388 1210 3473 inge-

147 3505 195 3574 nii
211 3504 437 3595 deprehendas
453 3533 483 3573 ».
504 3506 588 3595 (Lib.
607 3508 662 3589 Vl,
679 3506 836 3595 poetices,
855 3526 925 3594 cap.
943 3505 990 3595 5).

193 3622 413 3691 Undecimum
427 3622 572 3713 Griphus
588 3623 729 3690 terrrorii
739 3604 884 3690 comari.
898 3622 1035 3711 Griphos
1050 3619 1100 3688 vel
1113 3619 1215 3706 oenig-

147 3747 235 3806 mata
251 3747 378 3821 vocant,
396 3740 541 3809 carmina
556 3740 703 3808 obscuris
721 3739 959 3827 questionibus
979 3734 1213 3825 implicitisque

147 3856 321 3924 sententiis
338 3863 499 3924 contexta.
519 3856 642 3923 Paucos
658 3856 789 3944 optima
805 3874 979 3943 aureaeque
999 3852 1102 3920 aetatis
1122 3871 1214 3940 repe-

148 3970 212 4040 rias
227 3977 389 4054 auctores,
406 3971 463 4059 qui
488 3971 579 4040 hisee
599 3970 736 4058 argutiis
752 3969 974 4058 excogitandis
994 3989 1029 4037 se
1045 3967 1211 4047 dederiut;

150 4086 261 4176 plures
278 4094 388 4154 autem
403 4087 565 4156 inferioris
581 4088 639 4158 oevi
653 4090 722 4157 hoec
742 4087 885 4177 captiosa
903 4095 1117 4173 tortuoseque
1135 4064 1211 4172 poe·
