2730 4926
563 386 719 443 ..9⁴-

105 549 250 641 profecto
262 547 387 634 viaque
402 545 442 613 ad
454 549 595 615 honores
609 566 644 614 ao
655 546 830 634 dignitates
841 549 1165 637 perveniebantflaeo

107 667 293 734 scholarum
307 664 394 731 sama
409 670 559 731 sanetum
583 664 817 751 Hieronymum
838 666 1070 753 Bonosumque
1086 666 1168 733 ami-¹

106 782 398 851 eumTrevirorum
407 781 588 866 Augustam
599 779 744 847 adduxit.
758 780 902 858 Quorum
915 781 1040 849 itineris
1056 801 1164 863 eausa,

106 899 159 968 vel
170 896 342 986 jungenda
357 917 433 965 oum
462 895 564 964 doctis
580 895 772 963 florentibus
793 896 1006 978 consuetude,
1028 899 1078 965 vel
1099 905 1169 966 stu·
1214 895 1217 900 ’

106 1014 250 1095 diorum,
267 1034 339 1103 quaa
361 1011 458 1081 modo
478 1012 623 1099 aggressi
643 1022 735 1081 erant
755 1015 876 1093 Romae,
892 1014 1167 1102 perficiendorum

105 1128 279 1219 cupiditas.
314 1129 372 1196 llio
401 1128 617 1216 Hieronymus
649 1128 689 1195 ad
716 1137 862 1196 sanatam
885 1130 984 1198 vitam
1018 1138 1165 1198 mentem

106 1245 204 1335 erepit
231 1245 362 1316 deutero
379 1265 387 1313 :
402 1245 490 1312 unde
507 1252 615 1333 potest
630 1243 760 1326 deduci,
778 1246 945 1334 corruptos
956 1245 1167 1335 perditasque

106 1362 324 1449 moreslonge
361 1383 379 1427 a
412 1361 531 1428 scholis
558 1368 706 1443 remotos
739 1361 852 1442 fuisse,
884 1361 1165 1450 professoresque,

106 1487 145 1548 ut
160 1476 411 1547 commendabat
439 1476 588 1563 quadam
605 1476 822 1546 Valentiniani
842 1477 1043 1558 constitutio,
1069 1505 1084 1539 o
1106 1479 1169 1545 sita

105 1595 227 1685 pariter
246 1601 279 1661 et
292 1592 443 1660 faoundia
457 1592 592 1660 idoneos
610 1618 625 1654 u
649 1591 821 1660 exstitisse.
837 1592 923 1670 Quos
935 1592 1025 1660 haud
1041 1593 1168 1660 attoniti

106 1709 292 1778 audivimus
307 1709 536 1796 grammaticos
556 1708 601 1775 ihi
626 1729 685 1797 per
699 1729 755 1776 ser
770 1707 835 1775 diei
849 1709 945 1776 horas
961 1709 1073 1776 solitos
1089 1709 1169 1776 reoi-

105 1834 176 1894 tare
196 1827 218 1908 ¹,
245 1847 281 1893 ao
293 1825 395 1892 Gratis
411 1833 467 1892 aut
488 1824 635 1892 Varronis
652 1825 775 1893 similes
792 1824 905 1893 videri.
924 1826 1014 1893 Unus
1033 1846 1071 1893 en
1089 1825 1167 1907 illis,

107 1942 317 2023 llarmonius‚
339 1940 396 2028 qui
412 1941 523 2009 attioas
537 1941 719 2028 latinasque
732 1961 843 2008 musas
859 1941 1012 2022 sociabat,
1032 1940 1164 2008 Homeri

108 2057 255 2146 genuina
274 2057 372 2126 verba
386 2077 458 2145 quae
485 2056 657 2124 immutata
675 2055 816 2139 fuerant,
832 2056 968 2144 signatis
986 2056 1093 2134 verbis
1116 2055 1167 2122 in·

108 2173 291 2262 terpolatis,
308 2173 481 2241 restituere
494 2181 685 2241 tentaverat.

156 2288 242 2368 Quos
255 2309 369 2359 omnes
382 2289 556 2370 Ausonius,
571 2309 690 2376 magna
705 2286 834 2355 dicendi
850 2287 1012 2374 elegantia
1026 2287 1168 2375 ingenii-

108 2425 174 2496 que
196 2405 370 2492 sagaoitate
390 2413 487 2493 atque
514 2403 643 2472 assiduo
667 2423 876 2471 romanarum
895 2401 1078 2468 litterarum
1106 2421 1170 2469 usu

108 2519 392 2603 commendabilis,
416 2520 508 2588 l'aoile
524 2519 698 2608 superavit,
717 2517 797 2587 adeo
812 2514 946 2606 quidem
963 2524 998 2584 ut
1022 2515 1062 2585 de
1079 2518 1169 2585 omni

108 2657 230 2726 genere
240 2643 442 2726 poematum,
453 2636 630 2705 sartamine
643 2636 806 2715 instituto,
823 2634 924 2703 viator
934 2632 1118 2702 discesserit
1134 2639 1167 2701 et

106 2774 262 2823 eoronam
282 2753 494 2843 adeptussit.
509 2753 621 2839 Neque
637 2751 722 2840 apud
738 2772 852 2819 omnes
879 2751 914 2818 in
933 2751 1051 2818 minori
1072 2748 1168 2818 lauda

108 2871 232 2938 exstitit
240 2869 481 2957 Ausonius,qui
492 2868 681 2936 Gratianum
688 2867 897 2956 discipulum,
913 2866 1165 2954 aoreingenium

109 2981 1171 3077 optimamquesortitumindolem,eximiumprincipemviriliter

110 3102 287 3189 animoque
302 3121 422 3188 magno
442 3100 483 3168 ad
502 3102 627 3168 honum
640 3097 992 3168 oommuneaddiotum
1011 3096 1167 3164 effecerit.

112 3220 227 3307 ltaque
246 3217 410 3286 secundus
430 3217 534 3285 exitus
564 3216 668 3284 labori
697 3236 773 3283 mox
806 3213 897 3282 dedit
914 3212 1118 3294 mercedem
1140 3221 1172 3281 et

109 3334 227 3401 Noster
241 3353 378 3401 munera
393 3333 514 3422 quaevis
531 3353 548 3399 a
567 3333 714 3422 prinoipe
741 3331 875 3421 aceepit.
898 3330 1045 3398 Primum
1061 3349 1171 3397 eomes

111 3449 222 3540 palatii
237 3456 376 3532 oreatus,
395 3449 436 3516 ad
451 3450 658 3537 quaestoriam
673 3449 822 3517 evehitur
847 3446 1061 3534 dignitatem;
1086 3453 1170 3528 tum,

112 3566 283 3634 Gratianus
301 3565 383 3654 ipse,
398 3585 548 3634 summus
559 3565 687 3654 imperii
699 3565 802 3632 faetus
814 3573 930 3639 rector,
946 3563 1041 3630 illum
1055 3561 1168 3629 Afrioae

112 3689 147 3750 et
161 3681 257 3750 ltaliae
272 3682 474 3771 praelectum,
492 3681 568 3749 dein
584 3682 771 3763 Galliarum,
799 3680 901 3767 eligit.
920 3677 1064 3747 Tandem
1084 3680 1173 3746 huno

112 3796 154 3865 ad
178 3818 369 3888 supremum
395 3797 582 3865 consulatus
607 3799 767 3865 honorem
787 3796 895 3884 erigit.
926 3799 975 3862 lta
996 3794 1171 3862 formulam

112 3913 198 3997 vitm,
220 3915 260 3983 ab
279 3935 337 3984 avo
356 3914 436 3983 olim
449 3913 625 3996 conditam,
646 3913 810 3981 Ausonius
831 3913 1085 4002 exsequebatur!
1106 3911 1170 3979 du·

147 4112 168 4160 l.
184 4111 234 4174 up.
249 4123 322 4160 xvru.
