2730 4926
609 376 785 444 ..35-

167 553 266 626 vorat,
283 543 395 613 dicens
413 564 421 612 :
445 571 461 606 «
479 544 505 610 l
520 564 626 631 graeoo
642 563 794 612 sermone
808 564 949 634 puerum
964 545 1109 635 incipere
1126 548 1232 632 mulo,

166 660 242 750 quia
257 660 409 741 latinum,
436 659 493 747 qui
512 659 657 748 pleribus
678 659 712 726 in
739 680 802 728 usu
822 669 882 742 est,
905 661 956 729 uel
975 661 1069 730 nobis
1086 663 1234 732 uolenti-

165 777 239 858 bus,
274 776 451 865 pcrhibet;
485 775 595 857 simul,
625 774 702 863 quia
735 775 915 866 disciplinis
948 798 1080 866 quoque
1112 781 1232 866 graecis

163 893 253 982 prius
274 890 496 960 instituendus
519 899 580 972 est,
598 890 687 958 uude
706 900 740 958 et
757 900 876 960 nostrae
895 893 1070 961 lluxerunt.
1090 921 1106 954 »
1134 895 1231 964 Idem

165 1009 334 1076 Petronius
349 1007 477 1074 Arbiter
498 1014 655 1074 suaserat.
672 1007 808 1075 Auditor
820 1009 920 1096 igitur
932 1009 1136 1078 conditorem
1153 1013 1232 1081 Ilia-

162 1124 220 1192 dos
236 1133 299 1192 et«
320 1121 469 1190 amabilis
495 1143 567 1190 orsa
589 1122 788 1190 Menandri»
807 1125 952 1212 primum
974 1126 1117 1209 evolvet;
1140 1135 1228 1211 tum,

161 1241 279 1307 latinos
299 1238 482 1327 scriptores,
502 1238 668 1305 modulata
682 1238 786 1306 Flacci
801 1250 963 1329 poemata,
981 1241 1231 1331 altisonumque

161 1357 339 1436 Maronem,
362 1362 395 1422 et
409 1353 595 1440 elegantem
611 1355 799 1450 Terentium
813 1376 820 1436 ;
839 1364 926 1443 post,
941 1357 1109 1424 annalium
1125 1358 1230 1448 scrip-

160 1477 258 1538 tores.
280 1468 360 1537 Dein
387 1468 427 1535 ad
447 1488 567 1549 mores,
593 1477 744 1555 artesque
770 1468 872 1537 bonas
899 1469 1054 1557 fandique
1076 1472 1228 1559 vigorem

159 1583 369 1675 producetur.
392 1582 496 1661 Quem
519 1581 668 1650 ordinem
683 1583 717 1649 in
737 1583 854 1651 studiis
875 1583 980 1672 rigide
1001 1585 1149 1668 tenebit;
1170 1588 1227 1675 qui

161 1699 250 1768 euim
274 1699 362 1765 huno
388 1697 524 1778 notavit,
551 1718 617 1764 non
641 1725 656 1759 «
683 1697 773 1765 rudis
801 1719 880 1766 avus
902 1725 918 1759 »
948 1707 1009 1781 est,
1033 1698 1104 1782 sed,
1132 1702 1226 1770 mille

161 1811 307 1881 docendo
322 1812 485 1892 alumnos,
501 1810 579 1898 quid
594 1812 877 1900 possitdisciplina
891 1824 1053 1903 expertus.

206 1927 288 1995 lnde
303 1927 396 1995 laoile
417 1926 534 1995 deduci
553 1937 662 2014 potest
680 1949 780 2015 quam
800 1928 906 2016 gravis
933 1950 969 1997 ac
989 1931 1111 1998 seriosa
1136 1940 1226 2000 esset

158 2044 322 2112 institutio
357 2042 435 2124 illa;
471 2052 593 2130 quanto
619 2043 660 2111 ad
686 2045 825 2126 stabilia,
873 2055 978 2128 acuta,
1015 2046 1225 2136 summisque

158 2158 346 2247 dignatatis
361 2159 496 2246 ingenia
515 2158 725 2226 formandum
736 2160 869 2228 valeret.
889 2161 966 2230 ldeo
986 2182 1027 2229 ne
1036 2161 1107 2248 jam
1122 2162 1223 2232 mire-

157 2282 250 2358 mur,
274 2274 363 2364 quod
391 2295 428 2342 er
453 2274 518 2343 illis
534 2274 714 2362 gymnasiis
735 2275 796 2342 orti
825 2275 979 2344 docontes
1000 2276 1222 2368 discipulique

155 2392 196 2458 ad
212 2413 266 2460 eos
281 2394 435 2472 honores,
454 2411 536 2478 quos
547 2388 737 2472 retulimus,
754 2400 987 2479 pervenerunt.

201 2511 239 2574 ln
253 2507 425 2597 posteriori
444 2506 567 2594 idyllio,
591 2506 753 2575 Ausonius
776 2536 792 2570 κ
806 2528 873 2575 non
886 2515 1047 2597 precepta
1066 2507 1219 2597 quidem,

155 2622 213 2691 sed
233 2631 305 2689 vota
321 2623 484 2711 precantis
504 2630 537 2688 et
552 2622 710 2708 gratantis
730 2623 780 2690 avi
795 2622 918 2691 festum
937 2622 978 2690 ad
993 2622 1141 2691 solemne
1160 2646 1220 2694 ne-

153 2738 237 2828 potis
262 2764 277 2799 »
308 2737 416 2805 eidem
440 2735 639 2804 adolescenti
668 2737 781 2804 mittit.
815 2737 920 2805 Simili
949 2739 1088 2828 pectoris
1123 2747 1220 2809 motu

33 2832 35 2837 ⁵
154 2873 253 2955 quem
269 2873 366 2941 supra
380 2851 566 2919 notavimus
582 2871 714 2919 carmen
730 2853 948 2941 componitur.

196 2970 287 3036 Nunc
303 2968 472 3038 veniamus
489 2966 530 3034 ad
547 2965 699 3054 idyllium
716 2976 858 3050 sertum,
874 2966 963 3055 quod
979 2967 1089 3036 solerti
1105 2969 1219 3038 anima

151 3085 370 3171 excogitatum
386 3092 483 3172 atquo
513 3082 658 3150 ornatius
675 3090 707 3150 et
734 3082 869 3172 politius
888 3083 1041 3151 limatum
1057 3091 1118 3151 est.
1143 3086 1218 3154 lus-

151 3199 285 3267 oribitur
302 3198 431 3288 Cupido
456 3197 554 3266 cruci
568 3195 713 3287 adficias.

195 3351 212 3387 «
228 3325 469 3411 Argumentum
485 3324 585 3410 hujus
599 3322 716 3410 idyllii,
735 3332 772 3390 ut
787 3323 856 3412 ipse
871 3331 983 3391 auctor
995 3323 1029 3390 in
1043 3324 1216 3412 premissa

149 3439 283 3528 epistola
291 3438 336 3518 ‚ad
349 3439 541 3526 Gregorium
555 3447 727 3520 memorat,
741 3439 893 3527 exprimit
902 3440 1062 3528 picturam
1076 3439 1212 3523 tabulae,

147 3576 218 3643 quae
238 3555 375 3623 Treviris
391 3555 425 3621 in
442 3554 581 3622 triclinio
596 3552 691 3635 AEoli,
712 3554 791 3636 sive,
807 3564 843 3621 ut
861 3556 914 3623 alii
930 3554 1057 3623 codices
1071 3555 1211 3639 habent,

144 3669 234 3751 Zoili,
265 3671 403 3759 inipso,
427 3676 464 3737 ut
485 3668 640 3737 credibile
661 3677 723 3752 est,
747 3670 865 3759 palatio
889 3672 1053 3738 Caesarum
1080 3672 1213 3761 conspi-

144 3785 301 3867 ciebatur,
331 3805 460 3873 quaque
488 3784 677 3852 visebantur
703 3786 855 3853 heroides
883 3787 1034 3873 mythice
1064 3787 1213 3874 antiqui-

143 3901 231 3982 tatis,
249 3900 415 3969 infelicem
428 3922 581 3969 amorem
604 3910 754 3989 erpertae,
778 3901 878 3989 hujus
899 3922 996 3970 causa
1020 3901 1212 3972 vindicandi

144 4016 341 4106 Cupidinem
356 4018 390 4084 in
405 4026 524 4105 myrto,
545 4026 703 4105 tanquam
718 4036 825 4100 cruce,
841 4038 1040 4107 suspensum
1049 4018 1209 4109 plectere.
