2730 4926
606 416 783 482 ..55-

154 581 325 649 immerito
341 582 561 651 celeberrimae
575 584 753 669 hahentur,
763 609 798 656 ac
809 588 927 677 poetici
941 590 1030 658 inter
1044 592 1227 662 Ausonium

157 699 299 786 ejusque
315 698 515 788 discipulum
535 703 721 771 certaminis
735 725 831 772 causa
845 706 936 774 luere
958 728 965 774 :
989 729 1090 795 quare
1107 709 1147 778 de
1162 711 1226 780 illis

153 815 308 882 latiorem
322 814 462 883 faciendi
486 819 692 887 mentionem
712 821 797 889 mihi
814 820 905 890 dabis
921 823 1103 892 licentiam.

205 931 373 1014 Paulinus,
403 933 597 1002 muneribus
615 933 760 1018 functus,
787 957 859 1004 rem
869 921 1067 1008 ¹familiarem
1077 943 1223 1029 gerebat,

156 1047 326 1135 copiisque
338 1049 491 1116 omnibus
508 1049 706 1133 abundabat,
725 1072 801 1119 cum
824 1061 971 1142 repente,
996 1076 1083 1124 anno
1099 1058 1227 1127 circiter

155 1165 300 1246 CCCXC,
322 1165 418 1232 amici
438 1165 508 1253 ejus
533 1168 622 1233 hunc
650 1187 684 1234 se
708 1168 742 1234 in
759 1169 947 1257 Hispaniam
977 1190 1053 1238 cum
1084 1174 1225 1261 conjuge

138 1279 311 1370 ,Therasia
331 1281 520 1363 contulisse,
542 1283 654 1371 ibique
675 1283 807 1374 inopem
827 1307 863 1354 ac
878 1287 1095 1375 poenitentem
1109 1289 1222 1372 vitam,

154 1397 270 1486 procul
291 1396 331 1464 ab
343 1383 548 1479 bominibus,
567 1419 663 1484 agere
680 1400 866 1468 audierunt.
892 1403 1103 1486 licitantem,
1119 1407 1224 1472 omni-

154 1513 221 1580 bus
233 1513 328 1580 bonis
348 1512 487 1582 venditis
506 1523 604 1602 atque
620 1516 707 1582 inter
721 1537 881 1604 pauperes
901 1517 1025 1601 divisis,
1054 1520 1223 1610 Hispania-

154 1648 223 1716 que
237 1629 361 1710 relicta,
391 1630 545 1698 Paulinus
566 1636 599 1698 et
618 1632 769 1700 Therasia
789 1633 916 1714 Nolam,
938 1633 973 1700 in
996 1636 1220 1724 Campaniam,

139 1744 198 1827 ,ad
215 1746 425 1834 sepulchrum
433 1748 536 1814 sancti
548 1747 664 1815 Felicis
677 1749 828 1836 martyris
843 1769 877 1817 se
893 1752 1222 1841 receperunt,ibique

152 1860 346 1930 consedere.
773 1880 775 1884 ’

202 1977 270 2055 Qua
285 1998 368 2045 nova
382 1977 455 2045 vitae
475 1978 599 2046 ratione
621 1980 775 2048 Paulinus
793 1982 944 2049 omnium
957 1984 1061 2052 movit
1075 1985 1222 2052 miratio·

153 2113 252 2174 nem,
276 2095 458 2183 praesertim
474 2114 549 2162 vero
571 2096 718 2176 Ausonii,
735 2097 813 2163 olim
841 2098 1003 2185 magistri,
1022 2100 1090 2187 qui,
1115 2108 1153 2167 ut
1168 2120 1222 2169 su-

150 2229 214 2298 pra
231 2207 385 2291 diximus,
412 2209 467 2276 illo
481 2229 611 2299 semper
625 2210 879 2279 familiarissime
895 2232 975 2280 usus
994 2212 1111 2296 fuerat,
1130 2235 1221 2282 eum-

151 2343 222 2412 que
235 2324 465 2411 antiquissima
473 2324 597 2392 foverat
609 2326 797 2398 dilectione.
811 2326 1030 2404 Quamobrem
1043 2329 1218 2412 Ausonius,

150 2460 244 2522 cum,
272 2441 408 2509 nomine
438 2441 506 2508 fere
526 2449 654 2508 tantum
679 2442 799 2510 Christi
819 2442 1012 2530 discipulus,
1042 2444 1220 2527 sublimem

148 2556 246 2624 illam
275 2556 444 2642 religionis
476 2557 728 2644 philosophiam,
764 2577 829 2645 qua
870 2558 1001 2624 minimi
1033 2559 1118 2627 fiunt
1150 2581 1216 2627 om·

147 2672 209 2739 nia
223 2680 316 2739 terrae
333 2671 464 2759 gaudia,
492 2672 736 2761 percipiendam
764 2693 830 2740 non
851 2683 991 2756 curaret,
1011 2676 1219 2744 Paulinuma

147 2788 287 2856 consilio
303 2788 417 2856 statuit
437 2788 613 2856 deterrere.
626 2788 674 2854 Ad
687 2789 775 2876 quod
789 2789 1030 2877 perficiendum
1046 2792 1123 2858 huic
1140 2813 1218 2879 qua-

147 2913 227 2970 tuor
245 2904 410 2991 epistolas,
432 2904 558 2993 poetico
575 2912 673 2991 atque
692 2905 918 2972 amantissimo
941 2905 1077 2973 flamine
1089 2906 1215 2993 plenas,

146 3019 254 3100 misit,
283 3041 355 3107 quae
375 3019 460 3087 inter
475 3020 695 3108 pulcherrima
713 3020 816 3108 ipsius
837 3021 982 3087 carmina
1005 3022 1217 3089 numeranda

147 3143 242 3204 sunt.

199 3253 237 3318 ln
249 3252 364 3339 prima,
384 3252 533 3337 querelas
550 3251 591 3318 ob
610 3251 783 3317 Paulinum
799 3250 981 3338 profectum
1010 3252 1216 3338 gravissimas

146 3388 192 3435 en
202 3367 268 3434 imo
288 3378 418 3457 pectore
430 3366 565 3434 fundit:
589 3375 740 3434 consorte
756 3366 908 3434 laborum
925 3367 1129 3434 destituitur!
1157 3370 1216 3436 Ve-

146 3483 213 3550 teri
228 3491 338 3550 tamen
359 3482 502 3550 amicitia
527 3482 624 3549 ambo
651 3482 833 3550 arctissime
849 3483 1095 3570 jungebantur!
1114 3484 1216 3553 Nimi-

146 3618 226 3665 rum
235 3597 357 3684 grande
374 3597 505 3685 aliquod
521 3598 658 3665 verbum
672 3597 764 3678 dixit,
780 3606 817 3664 ut
832 3599 896 3665 tale
911 3598 973 3687 ipsi
990 3597 1168 3667 accideret!
1183 3600 1215 3667 Si

148 3723 268 3791 saltem
280 3722 422 3809 spatium
437 3721 552 3789 vicinis
562 3721 726 3788 moenibus
745 3729 843 3801 esset,
856 3720 948 3787 illum
959 3721 1116 3789 festinans
1128 3742 1216 3790 com·

145 3838 358 3928 plecteretur,
388 3837 446 3905 sed
472 3847 561 3904 trans
589 3838 685 3926 Alpes
706 3846 739 3904 et
763 3857 980 3904 marmoream
1000 3837 1149 3923 Pyrenen
1167 3848 1216 3907 est

145 3950 268 4017 domus
299 3949 444 4020 Paulini!
464 3949 534 4015 lam
558 3949 714 4030 Ausonio,
749 3950 862 4038 procul
878 3949 918 4017 ab
934 3950 1049 4034 amico,
1076 3953 1122 4020 nil
1142 3976 1227 4042 gra·

146 4073 227 4132 tum
241 4086 248 4132 :
