2730 4926
376 1246 549 1328 CAPUT
577 1252 881 1334 SECUNDUM.

351 1535 388 1583 nn
411 1535 556 1583 AUSONIUS
580 1535 771 1585 cumsrltnus
794 1537 892 1586 ESSET.

132 1893 232 1964 Valde
251 1891 453 1981 disputatum
468 1891 531 1960 fuit
542 1890 583 1958 de
597 1891 730 1960 Ausonii
749 1892 921 1979 religione.
944 1894 1056 1963 Plures
1074 1915 1148 1964 auc·

82 2019 187 2092 tores,
208 2011 326 2078 merito
354 2008 501 2097 quidem,
528 2017 660 2076 ulmea
683 2009 792 2097 opinio
817 2008 892 2091 fert,
913 2012 1002 2079 hunc
1029 2012 1145 2080 Christi

84 2126 299 2215 discipulum,
312 2126 446 2193 nomine
458 2125 586 2207 saltem,
600 2123 859 2192 contenderunt:
874 2126 1023 2194 nonnulli
1036 2134 1144 2197 autem

84 2241 246 2331 gentilem
275 2249 373 2329 atque
393 2241 563 2309 ethnicum
577 2240 693 2309 luisse.
712 2244 757 2309 lle
776 2262 841 2328 qno
857 2240 991 2310 uberius
1010 2241 1146 2313 dissera-

83 2378 174 2427 mus.

131 2473 312 2543 Ausonium
322 2472 536 2541 christianum
548 2471 763 2555 declaramus,
780 2472 937 2563 primum,
953 2472 1041 2563 quod
1053 2494 1144 2544 cons·

85 2596 135 2658 tat
154 2589 235 2657 duas
251 2589 367 2657 saltem
386 2589 474 2658 illius
497 2596 651 2676 cognatas
666 2610 782 2679 puram
801 2589 934 2659 traxisse
950 2591 1061 2659 vitam.
1079 2591 1143 2660 Etsi

82 2726 152 2774 non
179 2706 274 2795 plane
294 2706 492 2774 assentimur
505 2705 737 2774 illustrissimis
753 2705 1017 2795 doctissimisque
1039 2708 1145 2776 Mona-

82 2821 169 2904 chis‚
187 2820 227 2889 ad
240 2822 388 2909 regulam
404 2822 436 2889 S.
455 2820 623 2891 Benedicti
634 2822 830 2902 informatis,
842 2824 936 2910 quil.
948 2823 1141 2906 Ausonium,

79 2945 187 3028 poetae
202 2944 340 3026 patrem,
356 2937 571 3006 christianum
587 2939 722 3021 habent,
740 2977 782 2989 -
802 2946 913 3007 tamen
926 2939 1144 3008 verisimiliter

80 3051 248 3122 credimus
271 3052 371 3141 hujus
393 3061 613 3136 materteram,
641 3058 725 3121 AEm.
755 3055 922 3137 Hilariam,
943 3056 1141 3143 amitamque

77 3169 110 3238 J.
138 3171 387 3259 cataphroniam
411 3170 593 3239 christiane
617 3170 785 3258 religionis
813 3171 1019 3260 disciplinam
1041 3171 1142 3240 fnisse

79 3286 259 3375 amp¹exas
274 3286 405 3355 Etenim
420 3294 558 3376 utraque
569 3287 659 3375 virgo
675 3287 790 3357 devota
800 3297 869 3358 erat
882 3309 891 3357 ε
906 3290 968 3358 hoc
987 3287 1028 3357 de
1042 3287 1139 3378 priori

79 3402 173 3470 canit
190 3403 353 3472 Ausonius
372 3424 381 3471 :

227 3633 355 3690 Feminei
367 3639 450 3691 sexus
464 3634 563 3691 odium
574 3634 626 3692 tibi
640 3649 765 3707 semper:
783 3637 813 3690 et
828 3634 897 3692 inde

226 3732 320 3797 Crevit
332 3733 433 3790 dcootae
445 3737 613 3806 cirpinilotts
624 3748 712 3804 omer,

226 3829 296 3895 Quae
309 3829 362 3887 tibi
377 3835 511 3903 septenos
525 3829 624 3887 novies
637 3834 680 3886 est
696 3830 776 3887 culta
787 3846 838 3903 per
851 3846 940 3886 annos

223 3927 329 3997 Quique
341 3933 394 3986 ενι·
406 3927 481 4000 pais,
495 3932 554 4001 ipse
567 3929 710 4000 pudicitie
727 3929 747 3982 ¹.

116 4115 138 4162 l.
154 4113 227 4172 Par„
242 4126 278 4164 vr.
295 4115 318 4162 l.
