<?xml version="1.0" encoding="UTF-8"?>
<!DOCTYPE html PUBLIC "-//W3C//DTD XHTML 1.0 Transitional//EN"
    "http://www.w3.org/TR/xhtml1/DTD/xhtml1-transitional.dtd">
<html xmlns="http://www.w3.org/1999/xhtml" xml:lang="en" lang="en">
 <head>
  <title>
</title>
<meta http-equiv="Content-Type" content="text/html;charset=utf-8" />
  <meta name='ocr-system' content='tesseract 3.04.00' />
  <meta name='ocr-capabilities' content='ocr_page ocr_carea ocr_par ocr_line ocrx_word'/>
</head>
<body>
  <div class='ocr_page' id='page_1' title='image "./dedmausoniioper00evergoog_0117.png"; bbox 0 0 2730 4926; ppageno 0'>
   <div class='ocr_carea' id='block_1_1' title="bbox 605 417 802 482">
    <p class='ocr_par' dir='ltr' id='par_1_1' title="bbox 605 417 802 482">
     <span class='ocr_line' id='line_1_1' title="bbox 605 417 802 482; baseline 0.015 -2"><span class='ocrx_word' id='word_1_1' title='bbox 605 417 802 482; x_wconf 79' lang='lat'>-100-</span> 
     </span>
    </p>
   </div>
   <div class='ocr_carea' id='block_1_2' title="bbox 160 579 1243 2415">
    <p class='ocr_par' dir='ltr' id='par_1_2' title="bbox 168 579 1243 1020">
     <span class='ocr_line' id='line_1_2' title="bbox 170 579 1242 670; baseline -0.007 -16"><span class='ocrx_word' id='word_1_2' title='bbox 170 604 239 668; x_wconf 85' lang='lat' dir='ltr'>sus,</span> <span class='ocrx_word' id='word_1_3' title='bbox 260 583 302 652; x_wconf 87' lang='lat' dir='ltr'>ad</span> <span class='ocrx_word' id='word_1_4' title='bbox 328 585 432 653; x_wconf 86' lang='lat' dir='ltr'>Deum</span> <span class='ocrx_word' id='word_1_5' title='bbox 450 582 635 664; x_wconf 82' lang='lat' dir='ltr'>revertitur,</span> <span class='ocrx_word' id='word_1_6' title='bbox 649 590 683 651; x_wconf 90' lang='lat' dir='ltr'>et</span> <span class='ocrx_word' id='word_1_7' title='bbox 705 580 855 650; x_wconf 80' lang='lat' dir='ltr'>Ecclesia</span> <span class='ocrx_word' id='word_1_8' title='bbox 874 588 1077 650; x_wconf 88' lang='lat' dir='ltr'>sacramenta</span> <span class='ocrx_word' id='word_1_9' title='bbox 1096 579 1242 670; x_wconf 81' lang='lat' dir='ltr'>recipit:</span> 
     </span>
     <span class='ocr_line' id='line_1_3' title="bbox 169 696 1243 788; baseline -0.003 -21"><span class='ocrx_word' id='word_1_10' title='bbox 169 699 233 768; x_wconf 93' lang='lat' dir='ltr'>nisi</span> <span class='ocrx_word' id='word_1_11' title='bbox 258 719 334 769; x_wconf 81' lang='lat' dir='ltr'>vero</span> <span class='ocrx_word' id='word_1_12' title='bbox 354 699 425 788; x_wconf 84' lang='lat' dir='ltr'>jam</span> <span class='ocrx_word' id='word_1_13' title='bbox 444 706 540 768; x_wconf 84' lang='lat' dir='ltr'>antea</span> <span class='ocrx_word' id='word_1_14' title='bbox 559 697 777 766; x_wconf 80' lang='lat' dir='ltr'><strong>Christianam</strong></span> <span class='ocrx_word' id='word_1_15' title='bbox 804 696 1000 785; x_wconf 80' lang='lat' dir='ltr'><strong>religionem</strong></span> <span class='ocrx_word' id='word_1_16' title='bbox 1019 696 1139 765; x_wconf 89' lang='lat' dir='ltr'>luisset</span> <span class='ocrx_word' id='word_1_17' title='bbox 1171 716 1243 764; x_wconf 90' lang='lat' dir='ltr'>am-</span> 
     </span>
     <span class='ocr_line' id='line_1_4' title="bbox 168 812 1241 905; baseline -0.005 -21"><span class='ocrx_word' id='word_1_18' title='bbox 168 817 294 905; x_wconf 81' lang='lat' dir='ltr'>plexae,</span> <span class='ocrx_word' id='word_1_19' title='bbox 326 836 391 903; x_wconf 92' lang='lat' dir='ltr'>quo</span> <span class='ocrx_word' id='word_1_20' title='bbox 411 813 509 883; x_wconf 90' lang='lat' dir='ltr'>modo</span> <span class='ocrx_word' id='word_1_21' title='bbox 538 812 579 881; x_wconf 91' lang='lat' dir='ltr'>ad</span> <span class='ocrx_word' id='word_1_22' title='bbox 594 812 705 882; x_wconf 88' lang='lat' dir='ltr'>altaria</span> <span class='ocrx_word' id='word_1_23' title='bbox 731 832 821 882; x_wconf 88' lang='lat' dir='ltr'>sacra</span> <span class='ocrx_word' id='word_1_24' title='bbox 836 812 954 883; x_wconf 78' lang='lat' dir='ltr'>reverti</span> <span class='ocrx_word' id='word_1_25' title='bbox 965 812 1128 892; x_wconf 86' lang='lat' dir='ltr'>potuisset</span> <span class='ocrx_word' id='word_1_26' title='bbox 1151 831 1241 901; x_wconf 83' lang='lat' dir='ltr'>aegre</span> 
     </span>
     <span class='ocr_line' id='line_1_5' title="bbox 168 931 376 1020; baseline -0.01 -20"><span class='ocrx_word' id='word_1_27' title='bbox 168 931 376 1020; x_wconf 81' lang='lat' dir='ltr'>intelligitur.</span> 
     </span>
    </p>

    <p class='ocr_par' dir='ltr' id='par_1_3' title="bbox 162 1047 1240 1951">
     <span class='ocr_line' id='line_1_6' title="bbox 211 1047 1238 1138; baseline 0 -22"><span class='ocrx_word' id='word_1_28' title='bbox 211 1049 371 1131; x_wconf 87' lang='lat' dir='ltr'>Jamvero,</span> <span class='ocrx_word' id='word_1_29' title='bbox 394 1048 450 1137; x_wconf 91' lang='lat' dir='ltr'>qui</span> <span class='ocrx_word' id='word_1_30' title='bbox 465 1048 721 1138; x_wconf 86' lang='lat' dir='ltr'>praescribuntur</span> <span class='ocrx_word' id='word_1_31' title='bbox 740 1066 855 1116; x_wconf 80' lang='lat' dir='ltr'>versus</span> <span class='ocrx_word' id='word_1_32' title='bbox 868 1047 1054 1130; x_wconf 82' lang='lat' dir='ltr'>Paulinum,</span> <span class='ocrx_word' id='word_1_33' title='bbox 1078 1067 1097 1114; x_wconf 94' lang='lat' dir='ltr'>a</span> <span class='ocrx_word' id='word_1_34' title='bbox 1116 1047 1238 1138; x_wconf 90' lang='lat' dir='ltr'>primis</span> 
     </span>
     <span class='ocr_line' id='line_1_7' title="bbox 166 1163 1240 1254; baseline -0.001 -21"><span class='ocrx_word' id='word_1_35' title='bbox 166 1163 1240 1254; x_wconf 70' lang='lat' dir='ltr'>incunalibus‚baptisma,eurantihusparentibusaccepissepro·</span> 
     </span>
     <span class='ocr_line' id='line_1_8' title="bbox 167 1279 1239 1369; baseline -0.001 -20"><span class='ocrx_word' id='word_1_36' title='bbox 167 1281 257 1350; x_wconf 89' lang='lat' dir='ltr'>hant.</span> <span class='ocrx_word' id='word_1_37' title='bbox 278 1280 478 1364; x_wconf 76' lang='lat' dir='ltr'>cumcuim,</span> <span class='ocrx_word' id='word_1_38' title='bbox 495 1282 530 1349; x_wconf 91' lang='lat' dir='ltr'>in</span> <span class='ocrx_word' id='word_1_39' title='bbox 552 1281 705 1349; x_wconf 77' lang='lat' dir='ltr'>carminis</span> <span class='ocrx_word' id='word_1_40' title='bbox 720 1279 921 1369; x_wconf 78' lang='lat' dir='ltr'>praefatione,</span> <span class='ocrx_word' id='word_1_41' title='bbox 939 1300 975 1349; x_wconf 92' lang='lat' dir='ltr'>se</span> <span class='ocrx_word' id='word_1_42' title='bbox 991 1279 1118 1348; x_wconf 88' lang='lat' dir='ltr'>scilicet</span> <span class='ocrx_word' id='word_1_43' title='bbox 1128 1287 1239 1348; x_wconf 91' lang='lat' dir='ltr'>totam</span> 
     </span>
     <span class='ocr_line' id='line_1_9' title="bbox 166 1396 1239 1485; baseline -0.002 -19"><span class='ocrx_word' id='word_1_44' title='bbox 166 1397 266 1466; x_wconf 84' lang='lat' dir='ltr'>vitem</span> <span class='ocrx_word' id='word_1_45' title='bbox 277 1399 343 1466; x_wconf 86' lang='lat' dir='ltr'>Deo</span> <span class='ocrx_word' id='word_1_46' title='bbox 357 1396 477 1465; x_wconf 90' lang='lat' dir='ltr'>dehere</span> <span class='ocrx_word' id='word_1_47' title='bbox 486 1396 686 1477; x_wconf 87' lang='lat' dir='ltr'>meminerit,</span> <span class='ocrx_word' id='word_1_48' title='bbox 700 1424 716 1459; x_wconf 89' lang='lat'>«</span> <span class='ocrx_word' id='word_1_49' title='bbox 727 1396 826 1464; x_wconf 92' lang='lat' dir='ltr'>totius</span> <span class='ocrx_word' id='word_1_50' title='bbox 835 1415 967 1485; x_wconf 90' lang='lat' dir='ltr'>quoque</span> <span class='ocrx_word' id='word_1_51' title='bbox 976 1396 1047 1463; x_wconf 78' lang='lat' dir='ltr'>vitm</span> <span class='ocrx_word' id='word_1_52' title='bbox 1056 1415 1125 1464; x_wconf 85' lang='lat' dir='ltr'>suae</span> <span class='ocrx_word' id='word_1_53' title='bbox 1141 1403 1239 1464; x_wconf 91' lang='lat' dir='ltr'>actus</span> 
     </span>
     <span class='ocr_line' id='line_1_10' title="bbox 163 1511 1239 1604; baseline 0 -21"><span class='ocrx_word' id='word_1_54' title='bbox 163 1513 267 1604; x_wconf 91' lang='lat' dir='ltr'>ipsius</span> <span class='ocrx_word' id='word_1_55' title='bbox 287 1512 420 1582; x_wconf 91' lang='lat' dir='ltr'>devotos</span> <span class='ocrx_word' id='word_1_56' title='bbox 437 1513 603 1601; x_wconf 90' lang='lat' dir='ltr'>ohsequiis</span> <span class='ocrx_word' id='word_1_57' title='bbox 623 1539 639 1573; x_wconf 88' lang='lat'>»</span> <span class='ocrx_word' id='word_1_58' title='bbox 655 1511 788 1580; x_wconf 81' lang='lat' dir='ltr'>exhibet</span> <span class='ocrx_word' id='word_1_59' title='bbox 805 1533 812 1580; x_wconf 94' lang='lat'><strong>:</strong></span> <span class='ocrx_word' id='word_1_60' title='bbox 831 1533 912 1600; x_wconf 92' lang='lat' dir='ltr'>quas</span> <span class='ocrx_word' id='word_1_61' title='bbox 939 1520 1026 1580; x_wconf 89' lang='lat' dir='ltr'>certe</span> <span class='ocrx_word' id='word_1_62' title='bbox 1052 1532 1151 1582; x_wconf 82' lang='lat' dir='ltr'>voces</span> <span class='ocrx_word' id='word_1_63' title='bbox 1168 1535 1239 1583; x_wconf 93' lang='lat' dir='ltr'>non</span> 
     </span>
     <span class='ocr_line' id='line_1_11' title="bbox 162 1626 1239 1719; baseline 0.002 -24"><span class='ocrx_word' id='word_1_64' title='bbox 162 1627 375 1710; x_wconf 71' lang='lat' dir='ltr'>intellexeris</span> <span class='ocrx_word' id='word_1_65' title='bbox 390 1629 418 1698; x_wconf 92' lang='lat' dir='ltr'>si</span> <span class='ocrx_word' id='word_1_66' title='bbox 433 1629 590 1696; x_wconf 84' lang='lat' dir='ltr'>Paulinus</span> <span class='ocrx_word' id='word_1_67' title='bbox 607 1627 749 1716; x_wconf 88' lang='lat' dir='ltr'>priorem</span> <span class='ocrx_word' id='word_1_68' title='bbox 769 1635 867 1715; x_wconf 86' lang='lat' dir='ltr'>atque</span> <span class='ocrx_word' id='word_1_69' title='bbox 877 1627 1049 1695; x_wconf 91' lang='lat' dir='ltr'>meliorem</span> <span class='ocrx_word' id='word_1_70' title='bbox 1063 1626 1139 1696; x_wconf 82' lang='lat' dir='ltr'>vitae</span> <span class='ocrx_word' id='word_1_71' title='bbox 1162 1650 1239 1719; x_wconf 92' lang='lat' dir='ltr'>par·</span> 
     </span>
     <span class='ocr_line' id='line_1_12' title="bbox 163 1743 1240 1833; baseline 0.002 -21"><span class='ocrx_word' id='word_1_72' title='bbox 163 1752 244 1829; x_wconf 81' lang='lat' dir='ltr'>tem,</span> <span class='ocrx_word' id='word_1_73' title='bbox 265 1746 384 1814; x_wconf 86' lang='lat' dir='ltr'>Christi</span> <span class='ocrx_word' id='word_1_74' title='bbox 414 1745 549 1833; x_wconf 87' lang='lat' dir='ltr'>ignarus</span> <span class='ocrx_word' id='word_1_75' title='bbox 575 1765 611 1812; x_wconf 94' lang='lat' dir='ltr'>ac</span> <span class='ocrx_word' id='word_1_76' title='bbox 632 1744 789 1813; x_wconf 86' lang='lat' dir='ltr'>falsorum</span> <span class='ocrx_word' id='word_1_77' title='bbox 810 1743 987 1812; x_wconf 92' lang='lat' dir='ltr'>numinum</span> <span class='ocrx_word' id='word_1_78' title='bbox 1017 1743 1139 1827; x_wconf 86' lang='lat' dir='ltr'>fautor,</span> <span class='ocrx_word' id='word_1_79' title='bbox 1159 1766 1240 1814; x_wconf 90' lang='lat' dir='ltr'>con-</span> 
     </span>
     <span class='ocr_line' id='line_1_13' title="bbox 162 1861 351 1951; baseline -0.011 -21"><span class='ocrx_word' id='word_1_80' title='bbox 162 1861 351 1951; x_wconf 88' lang='lat' dir='ltr'>sumpserit.</span> 
     </span>
    </p>

    <p class='ocr_par' dir='ltr' id='par_1_4' title="bbox 160 1975 1238 2415">
     <span class='ocr_line' id='line_1_14' title="bbox 206 1975 1237 2066; baseline 0.002 -21"><span class='ocrx_word' id='word_1_81' title='bbox 206 1977 361 2045; x_wconf 87' lang='lat' dir='ltr'>Versibus</span> <span class='ocrx_word' id='word_1_82' title='bbox 379 1997 455 2046; x_wconf 90' lang='lat' dir='ltr'>vere</span> <span class='ocrx_word' id='word_1_83' title='bbox 466 1979 508 2044; x_wconf 78' lang='lat'>55</span> <span class='ocrx_word' id='word_1_84' title='bbox 524 1997 612 2066; x_wconf 81' lang='lat' dir='ltr'>sqq,</span> <span class='ocrx_word' id='word_1_85' title='bbox 630 1977 798 2056; x_wconf 85' lang='lat' dir='ltr'>Paulinus,</span> <span class='ocrx_word' id='word_1_86' title='bbox 816 1977 967 2044; x_wconf 90' lang='lat' dir='ltr'>ultimam</span> <span class='ocrx_word' id='word_1_87' title='bbox 982 1975 1131 2065; x_wconf 78' lang='lat' dir='ltr'>pueritie</span> <span class='ocrx_word' id='word_1_88' title='bbox 1162 1998 1237 2047; x_wconf 89' lang='lat' dir='ltr'>rne-</span> 
     </span>
     <span class='ocr_line' id='line_1_15' title="bbox 161 2092 1236 2181; baseline 0.005 -22"><span class='ocrx_word' id='word_1_89' title='bbox 161 2092 301 2161; x_wconf 92' lang='lat' dir='ltr'>moriam</span> <span class='ocrx_word' id='word_1_90' title='bbox 315 2113 482 2174; x_wconf 86' lang='lat' dir='ltr'>revocans,</span> <span class='ocrx_word' id='word_1_91' title='bbox 504 2093 586 2161; x_wconf 91' lang='lat' dir='ltr'>nihil</span> <span class='ocrx_word' id='word_1_92' title='bbox 620 2092 776 2161; x_wconf 90' lang='lat' dir='ltr'>libentius</span> <span class='ocrx_word' id='word_1_93' title='bbox 791 2093 917 2175; x_wconf 85' lang='lat' dir='ltr'>recolit,</span> <span class='ocrx_word' id='word_1_94' title='bbox 929 2111 1030 2180; x_wconf 91' lang='lat' dir='ltr'>quam</span> <span class='ocrx_word' id='word_1_95' title='bbox 1059 2120 1076 2155; x_wconf 89' lang='lat'>«</span> <span class='ocrx_word' id='word_1_96' title='bbox 1097 2092 1236 2181; x_wconf 86' lang='lat' dir='ltr'>pietatis</span> 
     </span>
     <span class='ocr_line' id='line_1_16' title="bbox 160 2206 1237 2298; baseline 0.003 -22"><span class='ocrx_word' id='word_1_97' title='bbox 160 2229 242 2298; x_wconf 92' lang='lat' dir='ltr'>opus</span> <span class='ocrx_word' id='word_1_98' title='bbox 267 2207 479 2297; x_wconf 92' lang='lat' dir='ltr'>studiumque</span> <span class='ocrx_word' id='word_1_99' title='bbox 494 2209 626 2296; x_wconf 85' lang='lat' dir='ltr'>insigne</span> <span class='ocrx_word' id='word_1_100' title='bbox 640 2216 829 2297; x_wconf 91' lang='lat' dir='ltr'>parentum,</span> <span class='ocrx_word' id='word_1_101' title='bbox 847 2234 863 2269; x_wconf 77' lang='lat' dir='ltr'>e</span> <span class='ocrx_word' id='word_1_102' title='bbox 888 2206 944 2295; x_wconf 91' lang='lat' dir='ltr'>qui</span> <span class='ocrx_word' id='word_1_103' title='bbox 959 2227 1031 2277; x_wconf 91' lang='lat' dir='ltr'>sese</span> <span class='ocrx_word' id='word_1_104' title='bbox 1050 2207 1158 2298; x_wconf 92' lang='lat' dir='ltr'>ipsius</span> <span class='ocrx_word' id='word_1_105' title='bbox 1192 2210 1237 2278; x_wconf 91' lang='lat' dir='ltr'>ad</span> 
     </span>
     <span class='ocr_line' id='line_1_17' title="bbox 160 2323 1238 2415; baseline 0.003 -23"><span class='ocrx_word' id='word_1_106' title='bbox 160 2323 263 2393; x_wconf 92' lang='lat' dir='ltr'>bonos</span> <span class='ocrx_word' id='word_1_107' title='bbox 280 2345 387 2394; x_wconf 91' lang='lat' dir='ltr'>meres</span> <span class='ocrx_word' id='word_1_108' title='bbox 406 2323 605 2393; x_wconf 87' lang='lat' dir='ltr'>informandi</span> <span class='ocrx_word' id='word_1_109' title='bbox 618 2324 834 2413; x_wconf 90' lang='lat' dir='ltr'>peritissimos</span> <span class='ocrx_word' id='word_1_110' title='bbox 849 2324 1030 2413; x_wconf 79' lang='lat' dir='ltr'>praestitere</span> <span class='ocrx_word' id='word_1_111' title='bbox 1045 2345 1053 2405; x_wconf 88' lang='lat'><strong>;</strong></span> <span class='ocrx_word' id='word_1_112' title='bbox 1073 2346 1141 2413; x_wconf 91' lang='lat' dir='ltr'>quo</span> <span class='ocrx_word' id='word_1_113' title='bbox 1159 2328 1238 2415; x_wconf 92' lang='lat' dir='ltr'>qui-</span> 
     </span>
    </p>
   </div>
   <div class='ocr_carea' id='block_1_3' title="bbox 154 2438 1237 3109">
    <p class='ocr_par' dir='ltr' id='par_1_5' title="bbox 158 2438 1237 2642">
     <span class='ocr_line' id='line_1_18' title="bbox 159 2438 1237 2527; baseline 0.004 -20"><span class='ocrx_word' id='word_1_114' title='bbox 159 2438 236 2509; x_wconf 89' lang='lat' dir='ltr'>dem</span> <span class='ocrx_word' id='word_1_115' title='bbox 248 2441 347 2510; x_wconf 83' lang='lat' dir='ltr'>verho</span> <span class='ocrx_word' id='word_1_116' title='bbox 361 2461 472 2522; x_wconf 82' lang='lat' dir='ltr'>senex,</span> <span class='ocrx_word' id='word_1_117' title='bbox 485 2441 553 2527; x_wconf 87' lang='lat' dir='ltr'>jam</span> <span class='ocrx_word' id='word_1_118' title='bbox 570 2440 690 2508; x_wconf 84' lang='lat' dir='ltr'>Christi</span> <span class='ocrx_word' id='word_1_119' title='bbox 712 2440 813 2509; x_wconf 92' lang='lat' dir='ltr'>solius</span> <span class='ocrx_word' id='word_1_120' title='bbox 829 2438 1008 2522; x_wconf 83' lang='lat' dir='ltr'>studiosus,</span> <span class='ocrx_word' id='word_1_121' title='bbox 1026 2440 1110 2509; x_wconf 92' lang='lat' dir='ltr'>nihil</span> <span class='ocrx_word' id='word_1_122' title='bbox 1138 2442 1237 2511; x_wconf 90' lang='lat' dir='ltr'>aliud</span> 
     </span>
     <span class='ocr_line' id='line_1_19' title="bbox 158 2552 1068 2642; baseline 0.002 -23"><span class='ocrx_word' id='word_1_123' title='bbox 158 2552 222 2620; x_wconf 92' lang='lat' dir='ltr'>nisi</span> <span class='ocrx_word' id='word_1_124' title='bbox 237 2553 497 2621; x_wconf 87' lang='lat' dir='ltr'>Christianorum</span> <span class='ocrx_word' id='word_1_125' title='bbox 508 2562 684 2642; x_wconf 90' lang='lat' dir='ltr'>parentum</span> <span class='ocrx_word' id='word_1_126' title='bbox 699 2575 812 2623; x_wconf 90' lang='lat' dir='ltr'>curam</span> <span class='ocrx_word' id='word_1_127' title='bbox 826 2564 939 2624; x_wconf 92' lang='lat' dir='ltr'>notare</span> <span class='ocrx_word' id='word_1_128' title='bbox 955 2553 1068 2624; x_wconf 86' lang='lat' dir='ltr'>voluit.</span> 
     </span>
    </p>

    <p class='ocr_par' dir='ltr' id='par_1_6' title="bbox 154 2651 1235 3109">
     <span class='ocr_line' id='line_1_20' title="bbox 154 2651 1235 2772; baseline 0.007 -36"><span class='ocrx_word' id='word_1_129' title='bbox 154 2761 158 2772; x_wconf 33' lang='grc' dir='ltr'>Ι</span> <span class='ocrx_word' id='word_1_130' title='bbox 201 2670 304 2737; x_wconf 81' lang='lat' dir='ltr'>Antea</span> <span class='ocrx_word' id='word_1_131' title='bbox 319 2669 421 2757; x_wconf 90' lang='lat' dir='ltr'>igitur</span> <span class='ocrx_word' id='word_1_132' title='bbox 441 2691 572 2758; x_wconf 92' lang='lat' dir='ltr'>quame</span> <span class='ocrx_word' id='word_1_133' title='bbox 593 2672 704 2760; x_wconf 92' lang='lat' dir='ltr'>pueris</span> <span class='ocrx_word' id='word_1_134' title='bbox 728 2651 878 2754; x_wconf 78' lang='lat' dir='ltr'>excessit,</span> <span class='ocrx_word' id='word_1_135' title='bbox 906 2674 993 2742; x_wconf 89' lang='lat' dir='ltr'>inter</span> <span class='ocrx_word' id='word_1_136' title='bbox 1013 2693 1162 2742; x_wconf 80' lang='lat' dir='ltr'>romanae</span> <span class='ocrx_word' id='word_1_137' title='bbox 1180 2695 1235 2744; x_wconf 88' lang='lat' dir='ltr'>ec-</span> 
     </span>
     <span class='ocr_line' id='line_1_21' title="bbox 156 2785 1232 2878; baseline 0.006 -24"><span class='ocrx_word' id='word_1_138' title='bbox 156 2785 263 2854; x_wconf 80' lang='lat' dir='ltr'>clesiae</span> <span class='ocrx_word' id='word_1_139' title='bbox 277 2785 428 2855; x_wconf 92' lang='lat' dir='ltr'>alumnos</span> <span class='ocrx_word' id='word_1_140' title='bbox 444 2786 483 2853; x_wconf 93' lang='lat' dir='ltr'>ah</span> <span class='ocrx_word' id='word_1_141' title='bbox 499 2785 568 2876; x_wconf 93' lang='lat' dir='ltr'>ipso</span> <span class='ocrx_word' id='word_1_142' title='bbox 580 2787 729 2874; x_wconf 89' lang='lat' dir='ltr'>genitore</span> <span class='ocrx_word' id='word_1_143' title='bbox 744 2789 927 2878; x_wconf 88' lang='lat' dir='ltr'>adscriptus</span> <span class='ocrx_word' id='word_1_144' title='bbox 947 2789 1030 2858; x_wconf 88' lang='lat' dir='ltr'>luit:</span> <span class='ocrx_word' id='word_1_145' title='bbox 1049 2789 1232 2877; x_wconf 85' lang='lat' dir='ltr'>quinimo,</span> 
     </span>
     <span class='ocr_line' id='line_1_22' title="bbox 155 2900 1234 2995; baseline 0.007 -27"><span class='ocrx_word' id='word_1_146' title='bbox 155 2901 256 2971; x_wconf 91' lang='lat' dir='ltr'>miror</span> <span class='ocrx_word' id='word_1_147' title='bbox 271 2900 360 2991; x_wconf 91' lang='lat' dir='ltr'>quod</span> <span class='ocrx_word' id='word_1_148' title='bbox 369 2901 452 2972; x_wconf 92' lang='lat' dir='ltr'>illud</span> <span class='ocrx_word' id='word_1_149' title='bbox 468 2901 668 2991; x_wconf 85' lang='lat' dir='ltr'>quibusdam</span> <span class='ocrx_word' id='word_1_150' title='bbox 682 2904 717 2971; x_wconf 89' lang='lat' dir='ltr'>in</span> <span class='ocrx_word' id='word_1_151' title='bbox 734 2903 974 2974; x_wconf 89' lang='lat' dir='ltr'>dubitationem</span> <span class='ocrx_word' id='word_1_152' title='bbox 983 2904 1096 2975; x_wconf 80' lang='lat' dir='ltr'>venire</span> <span class='ocrx_word' id='word_1_153' title='bbox 1111 2913 1234 2995; x_wconf 89' lang='lat' dir='ltr'>potue·</span> 
     </span>
     <span class='ocr_line' id='line_1_23' title="bbox 155 3017 888 3109; baseline 0.008 -25"><span class='ocrx_word' id='word_1_154' title='bbox 155 3017 209 3100; x_wconf 88' lang='lat' dir='ltr'>rit,</span> <span class='ocrx_word' id='word_1_155' title='bbox 222 3037 298 3087; x_wconf 91' lang='lat' dir='ltr'>cum</span> <span class='ocrx_word' id='word_1_156' title='bbox 314 3041 358 3086; x_wconf 89' lang='lat' dir='ltr'>vv.</span> <span class='ocrx_word' id='word_1_157' title='bbox 378 3020 418 3088; x_wconf 77' lang='lat' dir='ltr'>tl</span> <span class='ocrx_word' id='word_1_158' title='bbox 439 3040 512 3109; x_wconf 90' lang='lat' dir='ltr'>sqq.</span> <span class='ocrx_word' id='word_1_159' title='bbox 529 3018 619 3089; x_wconf 88' lang='lat' dir='ltr'>idem</span> <span class='ocrx_word' id='word_1_160' title='bbox 635 3018 756 3089; x_wconf 87' lang='lat' dir='ltr'>diserte</span> <span class='ocrx_word' id='word_1_161' title='bbox 776 3019 862 3090; x_wconf 90' lang='lat' dir='ltr'>dieat</span> <span class='ocrx_word' id='word_1_162' title='bbox 880 3043 888 3090; x_wconf 90' lang='lat'><strong>:</strong></span> 
     </span>
    </p>
   </div>
   <div class='ocr_carea' id='block_1_4' title="bbox 293 3221 1085 3493">
    <p class='ocr_par' dir='ltr' id='par_1_7' title="bbox 293 3221 1085 3493">
     <span class='ocr_line' id='line_1_24' title="bbox 296 3221 1006 3296; baseline 0.004 -19"><span class='ocrx_word' id='word_1_163' title='bbox 296 3222 430 3278; x_wconf 86' lang='lat' dir='ltr'>Consena</span> <span class='ocrx_word' id='word_1_164' title='bbox 445 3221 469 3277; x_wconf 86' lang='lat' dir='ltr'>si</span> <span class='ocrx_word' id='word_1_165' title='bbox 481 3221 586 3278; x_wconf 87' lang='lat' dir='ltr'>nostris</span> <span class='ocrx_word' id='word_1_166' title='bbox 601 3221 695 3295; x_wconf 91' lang='lat' dir='ltr'>primo</span> <span class='ocrx_word' id='word_1_167' title='bbox 711 3223 763 3278; x_wconf 90' lang='lat' dir='ltr'>suh</span> <span class='ocrx_word' id='word_1_168' title='bbox 776 3225 909 3296; x_wconf 85' lang='lat' dir='ltr'>tempere</span> <span class='ocrx_word' id='word_1_169' title='bbox 931 3223 1006 3280; x_wconf 85' lang='lat' dir='ltr'>votis</span> 
     </span>
     <span class='ocr_line' id='line_1_25' title="bbox 295 3320 1017 3395; baseline 0.003 -20"><span class='ocrx_word' id='word_1_170' title='bbox 295 3321 351 3376; x_wconf 87' lang='lat' dir='ltr'>Hae</span> <span class='ocrx_word' id='word_1_171' title='bbox 368 3320 398 3376; x_wconf 95' lang='lat' dir='ltr'>in</span> <span class='ocrx_word' id='word_1_172' title='bbox 413 3324 496 3392; x_wconf 88' lang='lat' dir='ltr'>parte</span> <span class='ocrx_word' id='word_1_173' title='bbox 512 3321 600 3377; x_wconf 89' lang='lat' dir='ltr'>etiam</span> <span class='ocrx_word' id='word_1_174' title='bbox 609 3325 774 3378; x_wconf 81' lang='lat' dir='ltr'>mansissent</span> <span class='ocrx_word' id='word_1_175' title='bbox 785 3325 852 3378; x_wconf 87' lang='lat' dir='ltr'>vota</span> <span class='ocrx_word' id='word_1_176' title='bbox 862 3326 1017 3395; x_wconf 87' lang='lat' dir='ltr'>parentum</span> 
     </span>
     <span class='ocr_line' id='line_1_26' title="bbox 293 3419 1085 3493; baseline 0.003 -19"><span class='ocrx_word' id='word_1_177' title='bbox 293 3419 435 3490; x_wconf 87' lang='lat' dir='ltr'>Perpetuo</span> <span class='ocrx_word' id='word_1_178' title='bbox 450 3422 482 3474; x_wconf 91' lang='lat' dir='ltr'>ut</span> <span class='ocrx_word' id='word_1_179' title='bbox 496 3437 619 3493; x_wconf 90' lang='lat' dir='ltr'>puerum</span> <span class='ocrx_word' id='word_1_180' title='bbox 635 3423 782 3476; x_wconf 87' lang='lat' dir='ltr'>servarent</span> <span class='ocrx_word' id='word_1_181' title='bbox 797 3437 845 3476; x_wconf 89' lang='lat' dir='ltr'>me</span> <span class='ocrx_word' id='word_1_182' title='bbox 861 3421 922 3491; x_wconf 90' lang='lat' dir='ltr'>tihi,</span> <span class='ocrx_word' id='word_1_183' title='bbox 939 3420 1085 3478; x_wconf 85' lang='lat' dir='ltr'>Christe...</span> 
     </span>
    </p>
   </div>
   <div class='ocr_carea' id='block_1_5' title="bbox 143 3604 1227 4164">
    <p class='ocr_par' dir='ltr' id='par_1_8' title="bbox 143 3604 1227 4164">
     <span class='ocr_line' id='line_1_27' title="bbox 193 3604 1227 3698; baseline 0.006 -24"><span class='ocrx_word' id='word_1_184' title='bbox 193 3604 219 3674; x_wconf 86' lang='lat' dir='ltr'>E</span> <span class='ocrx_word' id='word_1_185' title='bbox 246 3606 366 3694; x_wconf 90' lang='lat' dir='ltr'>quihus</span> <span class='ocrx_word' id='word_1_186' title='bbox 388 3607 478 3677; x_wconf 92' lang='lat' dir='ltr'>enim</span> <span class='ocrx_word' id='word_1_187' title='bbox 506 3606 613 3677; x_wconf 83' lang='lat' dir='ltr'>verbis</span> <span class='ocrx_word' id='word_1_188' title='bbox 638 3608 814 3677; x_wconf 88' lang='lat' dir='ltr'>manifeste</span> <span class='ocrx_word' id='word_1_189' title='bbox 849 3609 1010 3698; x_wconf 83' lang='lat' dir='ltr'>sequitur,</span> <span class='ocrx_word' id='word_1_190' title='bbox 1044 3609 1227 3680; x_wconf 89' lang='lat' dir='ltr'>Paulinum</span> 
     </span>
     <span class='ocr_line' id='line_1_28' title="bbox 149 3722 1227 3814; baseline 0.007 -25"><span class='ocrx_word' id='word_1_191' title='bbox 149 3722 189 3790; x_wconf 94' lang='lat' dir='ltr'>ah</span> <span class='ocrx_word' id='word_1_192' title='bbox 200 3723 338 3791; x_wconf 90' lang='lat' dir='ltr'>infantia</span> <span class='ocrx_word' id='word_1_193' title='bbox 356 3723 494 3812; x_wconf 89' lang='lat' dir='ltr'>ejusque</span> <span class='ocrx_word' id='word_1_194' title='bbox 514 3731 666 3814; x_wconf 90' lang='lat' dir='ltr'>parentes</span> <span class='ocrx_word' id='word_1_195' title='bbox 682 3725 848 3794; x_wconf 84' lang='lat' dir='ltr'>Christum</span> <span class='ocrx_word' id='word_1_196' title='bbox 863 3725 908 3795; x_wconf 88' lang='lat' dir='ltr'>ita</span> <span class='ocrx_word' id='word_1_197' title='bbox 921 3726 1075 3810; x_wconf 89' lang='lat' dir='ltr'>coluisse,</span> <span class='ocrx_word' id='word_1_198' title='bbox 1091 3733 1130 3795; x_wconf 90' lang='lat' dir='ltr'>ut</span> <span class='ocrx_word' id='word_1_199' title='bbox 1150 3749 1227 3797; x_wconf 90' lang='lat' dir='ltr'>om·</span> 
     </span>
     <span class='ocr_line' id='line_1_29' title="bbox 147 3837 1225 3933; baseline 0.008 -28"><span class='ocrx_word' id='word_1_200' title='bbox 147 3837 245 3906; x_wconf 92' lang='lat' dir='ltr'>nibus</span> <span class='ocrx_word' id='word_1_201' title='bbox 265 3838 363 3908; x_wconf 90' lang='lat' dir='ltr'>simul</span> <span class='ocrx_word' id='word_1_202' title='bbox 383 3860 478 3909; x_wconf 90' lang='lat' dir='ltr'>mens</span> <span class='ocrx_word' id='word_1_203' title='bbox 494 3861 531 3909; x_wconf 90' lang='lat' dir='ltr'>ea</span> <span class='ocrx_word' id='word_1_204' title='bbox 550 3840 698 3924; x_wconf 83' lang='lat' dir='ltr'>infuerit,</span> <span class='ocrx_word' id='word_1_205' title='bbox 732 3861 853 3932; x_wconf 90' lang='lat' dir='ltr'>nempe</span> <span class='ocrx_word' id='word_1_206' title='bbox 868 3842 964 3912; x_wconf 91' lang='lat' dir='ltr'>illum</span> <span class='ocrx_word' id='word_1_207' title='bbox 983 3862 1127 3933; x_wconf 91' lang='lat' dir='ltr'>puerum</span> <span class='ocrx_word' id='word_1_208' title='bbox 1151 3844 1225 3914; x_wconf 87' lang='lat' dir='ltr'>Deo</span> 
     </span>
     <span class='ocr_line' id='line_1_30' title="bbox 146 3955 1225 4048; baseline 0.006 -25"><span class='ocrx_word' id='word_1_209' title='bbox 146 3962 303 4045; x_wconf 89' lang='lat' dir='ltr'>perpetua</span> <span class='ocrx_word' id='word_1_210' title='bbox 318 3955 546 4026; x_wconf 83' lang='lat' dir='ltr'>devovendum</span> <span class='ocrx_word' id='word_1_211' title='bbox 561 3957 733 4045; x_wconf 85' lang='lat' dir='ltr'>religione.</span> <span class='ocrx_word' id='word_1_212' title='bbox 752 3957 845 4036; x_wconf 82' lang='lat' dir='ltr'>Quod</span> <span class='ocrx_word' id='word_1_213' title='bbox 860 3960 887 4027; x_wconf 92' lang='lat' dir='ltr'>si</span> <span class='ocrx_word' id='word_1_214' title='bbox 910 3980 986 4030; x_wconf 86' lang='lat' dir='ltr'>vero</span> <span class='ocrx_word' id='word_1_215' title='bbox 1004 3967 1120 4048; x_wconf 88' lang='lat' dir='ltr'>postea</span> <span class='ocrx_word' id='word_1_216' title='bbox 1135 3959 1225 4030; x_wconf 89' lang='lat' dir='ltr'>Pau-</span> 
     </span>
     <span class='ocr_line' id='line_1_31' title="bbox 143 4069 1220 4164; baseline 0.009 -27"><span class='ocrx_word' id='word_1_217' title='bbox 143 4069 202 4139; x_wconf 93' lang='lat' dir='ltr'>lini</span> <span class='ocrx_word' id='word_1_218' title='bbox 214 4081 435 4160; x_wconf 83' lang='lat' dir='ltr'>procreatores</span> <span class='ocrx_word' id='word_1_219' title='bbox 451 4075 492 4143; x_wconf 94' lang='lat' dir='ltr'>ah</span> <span class='ocrx_word' id='word_1_220' title='bbox 506 4073 636 4164; x_wconf 85' lang='lat' dir='ltr'>incepto</span> <span class='ocrx_word' id='word_1_221' title='bbox 651 4073 799 4143; x_wconf 87' lang='lat' dir='ltr'>destituti</span> <span class='ocrx_word' id='word_1_222' title='bbox 815 4074 961 4160; x_wconf 88' lang='lat' dir='ltr'>luerunt,</span> <span class='ocrx_word' id='word_1_223' title='bbox 979 4075 1220 4147; x_wconf 88' lang='lat' dir='ltr'>eausaimmu·</span> 
     </span>
    </p>
   </div>
   <div class='ocr_carea' id='block_1_6' title="bbox 0 0 1370 4926">
    <p class='ocr_par' dir='ltr' id='par_1_9' title="bbox 0 0 1370 4926">
     <span class='ocr_line' id='line_1_32' title="bbox 0 0 1370 4926; baseline 0 6"><span class='ocrx_word' id='word_1_224' title='bbox 0 0 1370 4926; x_wconf 95' lang='lat' dir='ltr'> </span> 
     </span>
    </p>
   </div>
  </div>
 </body>
</html>
