2730 4926
599 402 641 413 -
666 365 775 432 63·-

144 535 273 604 latincs
290 534 665 624 graecosquescriptcres‚
688 554 833 622 quorum
853 533 961 621 major
978 554 1053 623 pars
1073 534 1213 603 interci-

146 651 216 736 dit,
233 651 274 720 ad
289 672 438 740 unguem
452 650 553 720 novit.
571 677 587 712 »
606 653 651 720 De
667 671 732 739 quc
750 650 884 719 uberius
900 671 988 719 nunc
1003 649 1215 720 disseramus.

196 768 363 837 Ausonius
384 769 489 857 primo
517 788 639 856 graeccs
667 775 817 836 auctores
842 767 886 835 ita
903 767 1080 837 meditatus
1097 775 1158 851 est,
1182 777 1219 835 ut

146 884 228 973 ejus
244 885 347 954 oratic
367 906 471 973 grace
484 885 577 973 quasi
598 884 707 953 cclcre
727 884 834 952 fucata
853 885 908 952 sit.
934 885 1019 952 Dicit
1038 884 1220 973 quidemse

145 1001 252 1070 attica
271 1002 385 1092 lingua
408 1019 539 1092 semper
557 1001 659 1070 fuisse
677 1000 930 1091 impromptum‚

353 1216 469 1272 Obstitit
487 1221 593 1272 nostrae
611 1215 689 1289 quia,
705 1216 803 1286 credo,
829 1215 936 1270 mentis

350 1307 472 1362 Tardicr
487 1322 589 1361 sensus
605 1322 612 1375 ;
629 1321 726 1377 neque
742 1304 897 1377 disciplinis

352 1396 470 1467 Appulit
485 1395 585 1467 graecis
602 1393 724 1466 puerilis
740 1393 794 1449 aevi

406 1483 510 1540 Nerius
531 1500 613 1539 error
627 1484 648 1540 ¹.

199 1663 355 1731 Attamen
374 1682 416 1730 ne
439 1662 554 1730 fatenti
573 1653 715 1730 nimium
738 1661 921 1730 credamus.
951 1661 1046 1730 Pater
1069 1661 1160 1729 enim
1174 1659 1222 1751 ip-

147 1778 228 1846 sius
249 1778 345 1866 graeci
360 1779 523 1848 sermonis
540 1777 820 1867 prudentissimus
833 1785 923 1847 crat:

475 1991 574 2030 verum
590 1975 684 2030 Attica
698 1975 799 2048 lingua

426 2065 544 2121 Suffecit
557 2064 624 2120 culti
645 2065 762 2120 vocibus
778 2063 885 2136 eloquii
900 2068 921 2118 ².

204 2245 303 2312 Poeta
317 2244 420 2332 igitur
434 2252 546 2313 ncster
564 2244 605 2312 ad
622 2265 742 2333 graecas
759 2243 947 2332 disciplinas
973 2263 991 2309 a
1019 2243 1158 2332 pueritia
1173 2242 1224 2309 in-

153 2359 351 2427 formandus
367 2359 440 2441 fuit,
459 2368 492 2426 et
512 2358 690 2447 quemdam
709 2367 820 2426 tamen
848 2378 992 2444 gracum
1019 2357 1064 2424 ita
1089 2357 1226 2425 retinuit

155 2495 323 2564 saporem,
345 2475 474 2543 etiamsi
493 2474 533 2543 ad
552 2477 615 2544 hoc
635 2474 782 2544 studium
802 2473 852 2542 vel
886 2473 1060 2541 minimam
1080 2473 1226 2542 attulerit

155 2611 284 2672 curam,
306 2598 343 2657 ut
360 2590 496 2658 atticum
515 2592 660 2659 colorem
676 2610 791 2658 secum
807 2589 938 2658 duxisse
955 2589 1026 2677 ejus
1048 2589 1166 2679 scripta
1180 2591 1226 2659 ui·

156 2707 313 2795 deantur.
520 2801 521 2805 Ἰ

203 2823 248 2890 Ac
263 2822 420 2911 primum,
447 2823 592 2892 carmina
618 2823 776 2892 nonnulla
796 2843 899 2910 graece
930 2830 998 2890 tcta
1018 2821 1157 2910 scripsit,
1186 2831 1223 2888 ut

156 2938 397 3028 epigrammata
408 2939 520 3021 XXIX,
541 2941 657 3021 XXXI,
679 2939 861 3021 LCGGVHI,
893 2946 927 3007 et
941 2938 1113 3027 epistolam
1132 2936 1223 3017 Xlll;

154 3054 193 3121 in
207 3053 291 3136 aliis,
309 3074 498 3122 sermonem
511 3062 691 3142 utrumque
704 3055 840 3123 miscuit
854 3054 888 3121 in
901 3053 1063 3136 versibus,
1080 3061 1117 3119 ut
1137 3051 1226 3120 vide-

155 3189 194 3237 re
212 3177 261 3236 est
276 3169 311 3236 in
326 3169 432 3259 epigr.
454 3170 590 3253 xxvru,
609 3150 739 3253 xxxii,
758 3172 823 3252 xu,
841 3169 921 3251 xiv,
940 3178 972 3236 a
987 3169 1021 3236 in
1040 3169 1136 3258 epist.
1155 3169 1225 3238 xu.

155 3286 196 3352 ln
227 3283 304 3353 ludo
330 3293 457 3375 septem
473 3285 684 3374 sapientium,
702 3286 737 3352 in
761 3284 1036 3366 latinis'wversibus
1059 3285 1228 3373 gracain-

155 3399 264 3468 seruit
277 3401 460 3490 proverbia,
477 3422 550 3490 qua
566 3422 583 3470 a
598 3409 725 3490 septem
741 3400 945 3490 sapientibus
959 3400 1181 3489 proferuntur.

204 3514 341 3600 Deinde,
368 3518 533 3586 Ausonius
563 3518 743 3608 permultas
772 3537 866 3584 vcces
897 3537 1018 3604 graecas
1044 3518 1080 3584 in
1113 3513 1227 3584 carmi-

154 3631 258 3701 nibus
293 3632 455 3723 dispersit,
495 3654 604 3722 neque
630 3654 725 3704 acces
755 3640 886 3703 tantum
906 3632 1038 3722 quibus,
1060 3633 1225 3722 frequenti

154 3749 383 3818 Romanorum
421 3751 502 3833 usu',
540 3750 672 3834 civitas,
709 3757 746 3818 ut
786 3751 830 3820 ita
870 3751 991 3833 dicam,
1032 3748 1106 3819 data
1141 3756 1225 3831 erat,

194 3944 208 3991 1
226 3943 301 3994 Prcf.
316 3943 395 4005 VHI,
410 3948 448 3996 te.

188 4023 300 4090 11dy11.
321 4025 370 4089 11,
385 4029 400 4078 9
424 4089 426 4095 Ι
